{
  "slug": "pcx-srp-common-page",
  "searchTerm": "sliced turkey breast",
  "searchResultsCount": 81,
  "typedSearchTerms": "sliced turkey breast",
  "searchTermSubmitted": "sliced turkey breast",
  "selectedCategory": null,
  "mlCorrectedTerm": "",
  "esCorrectedTerm": "",
  "quCorrectedTerm": "",
  "searchRequestId": "9dbb6d66-713b-4c7e-ba6d-99b08c35a0ff",
  "modelVersion": "cim-retriever-loblawspcx-v20251221",
  "searchVariation": "PCX_SEARCH_CIMULATE:SEARCH_CIMULATE_ENABLED",
  "headline": "Search Results Page",
  "layout": {
    "typeId": "productsPageLayout",
    "sections": {
      "categoryNavigationSection": null,
      "filtersSection": {
        "alignment": "NONE",
        "components": [
          {
            "componentId": "filtersComponent",
            "contentId": "5cwrHMaINpD0u7IR8pNKSM",
            "variantId": null,
            "id": "5cwrHMaINpD0u7IR8pNKSM",
            "position": 0,
            "data": {
              "filtersLabel": "Filters",
              "applyButtonText": "Filters",
              "filterGroups": [
                {
                  "code": "category",
                  "name": "Aisle",
                  "multiSelect": false,
                  "values": [
                    {
                      "code": "27985",
                      "name": "Food",
                      "count": 81,
                      "disabled": null,
                      "selected": false
                    }
                  ]
                },
                {
                  "code": "productBrand",
                  "name": "Brand",
                  "multiSelect": true,
                  "values": [
                    {
                      "code": "CARL",
                      "name": "Carl Buddig",
                      "count": 1,
                      "disabled": null,
                      "selected": false
                    },
                    {
                      "code": "GDLL",
                      "name": "Gold Label",
                      "count": 4,
                      "disabled": null,
                      "selected": false
                    },
                    {
                      "code": "ZAHA",
                      "name": "Zabiha Halal",
                      "count": 2,
                      "disabled": null,
                      "selected": false
                    },
                    {
                      "code": "ZIG",
                      "name": "Ziggy's",
                      "count": 20,
                      "disabled": null,
                      "selected": false
                    },
                    {
                      "code": "SCHN",
                      "name": "Schneiders",
                      "count": 6,
                      "disabled": null,
                      "selected": false
                    },
                    {
                      "code": "MALE",
                      "name": "Maple Leaf",
                      "count": 9,
                      "disabled": null,
                      "selected": false
                    },
                    {
                      "code": "PLRS",
                      "name": "Pillers",
                      "count": 1,
                      "disabled": null,
                      "selected": false
                    },
                    {
                      "code": "P",
                      "name": "President's Choice",
                      "count": 23,
                      "disabled": null,
                      "selected": false
                    },
                    {
                      "code": "MSDL",
                      "name": "Main Street Deli",
                      "count": 1,
                      "disabled": null,
                      "selected": false
                    },
                    {
                      "code": "LIDA",
                      "name": "Lilydale",
                      "count": 1,
                      "disabled": null,
                      "selected": false
                    },
                    {
                      "code": "SLMZ",
                      "name": "Solmaz",
                      "count": 2,
                      "disabled": null,
                      "selected": false
                    },
                    {
                      "code": "BUTR",
                      "name": "Butterball",
                      "count": 1,
                      "disabled": null,
                      "selected": false
                    },
                    {
                      "code": "PCB",
                      "name": "PC Blue Menu",
                      "count": 3,
                      "disabled": null,
                      "selected": false
                    },
                    {
                      "code": "SHHR",
                      "name": "Shahir Halal",
                      "count": 2,
                      "disabled": null,
                      "selected": false
                    },
                    {
                      "code": "CUDY",
                      "name": "Cuddy",
                      "count": 1,
                      "disabled": null,
                      "selected": false
                    },
                    {
                      "code": "LABL",
                      "name": "Lunchables",
                      "count": 1,
                      "disabled": null,
                      "selected": false
                    }
                  ]
                },
                {
                  "code": "promotions",
                  "name": "Deals",
                  "multiSelect": true,
                  "values": [
                    {
                      "code": "Price Reduction",
                      "name": "Price Reduction",
                      "count": 5,
                      "disabled": null,
                      "selected": false
                    },
                    {
                      "code": "PC Points",
                      "name": "PC Optimum Points",
                      "count": 3,
                      "disabled": null,
                      "selected": false
                    },
                    {
                      "code": "$1,$2,$3,$4,$5",
                      "name": "$1,$2,$3,$4,$5",
                      "count": 2,
                      "disabled": null,
                      "selected": false
                    },
                    {
                      "code": "Multi-Buy",
                      "name": "Multi-Buy",
                      "count": 1,
                      "disabled": null,
                      "selected": false
                    }
                  ]
                },
                {
                  "code": "price ranges",
                  "name": "Price",
                  "multiSelect": true,
                  "values": [
                    {
                      "code": "$3 and under",
                      "name": "$3 and under",
                      "count": 7,
                      "disabled": null,
                      "selected": false
                    },
                    {
                      "code": "$4 and under",
                      "name": "$4 and under",
                      "count": 27,
                      "disabled": null,
                      "selected": false
                    },
                    {
                      "code": "$5 and under",
                      "name": "$5 and under",
                      "count": 35,
                      "disabled": null,
                      "selected": false
                    },
                    {
                      "code": "$5-$10",
                      "name": "$5-$10",
                      "count": 26,
                      "disabled": null,
                      "selected": false
                    },
                    {
                      "code": "$10-$15",
                      "name": "$10-$15",
                      "count": 21,
                      "disabled": null,
                      "selected": false
                    },
                    {
                      "code": "$15-$20",
                      "name": "$15-$20",
                      "count": 1,
                      "disabled": null,
                      "selected": false
                    },
                    {
                      "code": "$20-$30",
                      "name": "$20-$30",
                      "count": 2,
                      "disabled": null,
                      "selected": false
                    }
                  ]
                },
                {
                  "code": "sellers",
                  "name": "Sellers",
                  "multiSelect": true,
                  "values": []
                },
                {
                  "code": "shopCanadian",
                  "name": "Shop Canadian",
                  "multiSelect": true,
                  "values": [
                    {
                      "code": "prepared_in_canada",
                      "name": "Prepared in Canada",
                      "count": 77,
                      "disabled": null,
                      "selected": false
                    }
                  ]
                },
                {
                  "code": "flyers",
                  "name": "Flyers",
                  "multiSelect": true,
                  "values": [
                    {
                      "code": "FLYER_ITEM",
                      "name": "Flyer Item",
                      "count": 13,
                      "disabled": null,
                      "selected": false
                    }
                  ]
                },
                {
                  "code": "dietaryCallouts",
                  "name": "Dietary & Lifestyle",
                  "multiSelect": true,
                  "values": [
                    {
                      "code": "low_sugar",
                      "name": "Sugar Conscious",
                      "count": 1,
                      "disabled": null,
                      "selected": false
                    },
                    {
                      "code": "lactose_free",
                      "name": "Lactose Free",
                      "count": 1,
                      "disabled": null,
                      "selected": false
                    },
                    {
                      "code": "antibiotic_free",
                      "name": "Raised Without Antibiotics",
                      "count": 1,
                      "disabled": null,
                      "selected": false
                    },
                    {
                      "code": "peanut_free",
                      "name": "Peanut Free Facility",
                      "count": 1,
                      "disabled": null,
                      "selected": false
                    },
                    {
                      "code": "hormone_free",
                      "name": "No Added Hormones",
                      "count": 1,
                      "disabled": null,
                      "selected": false
                    },
                    {
                      "code": "low_sodium",
                      "name": "Sodium Conscious",
                      "count": 1,
                      "disabled": null,
                      "selected": false
                    },
                    {
                      "code": "low_fat",
                      "name": "Low & Less Fat",
                      "count": 1,
                      "disabled": null,
                      "selected": false
                    },
                    {
                      "code": "gluten_free",
                      "name": "Gluten Free",
                      "count": 1,
                      "disabled": null,
                      "selected": false
                    }
                  ]
                }
              ],
              "quickFilters": [
                {
                  "name": "Our Brands",
                  "selected": false,
                  "iconUrl": null,
                  "filterGroup": {
                    "code": "productBrand",
                    "name": "Brand",
                    "multiSelect": true,
                    "values": [
                      {
                        "code": "P",
                        "name": "President's Choice",
                        "count": 23,
                        "disabled": null,
                        "selected": false
                      },
                      {
                        "code": "PCB",
                        "name": "PC Blue Menu",
                        "count": 3,
                        "disabled": null,
                        "selected": false
                      }
                    ]
                  }
                },
                {
                  "name": "Deals",
                  "selected": false,
                  "iconUrl": null,
                  "filterGroup": {
                    "code": "promotions",
                    "name": "Deals",
                    "multiSelect": true,
                    "values": [
                      {
                        "code": "Price Reduction",
                        "name": "Price Reduction",
                        "count": 5,
                        "disabled": null,
                        "selected": false
                      },
                      {
                        "code": "PC Points",
                        "name": "PC Optimum Points",
                        "count": 3,
                        "disabled": null,
                        "selected": false
                      },
                      {
                        "code": "$1,$2,$3,$4,$5",
                        "name": "$1,$2,$3,$4,$5",
                        "count": 2,
                        "disabled": null,
                        "selected": false
                      },
                      {
                        "code": "Multi-Buy",
                        "name": "Multi-Buy",
                        "count": 1,
                        "disabled": null,
                        "selected": false
                      }
                    ]
                  }
                },
                {
                  "name": "Shop Canadian",
                  "selected": false,
                  "iconUrl": null,
                  "filterGroup": {
                    "code": "shopCanadian",
                    "name": "Shop Canadian",
                    "multiSelect": true,
                    "values": [
                      {
                        "code": "prepared_in_canada",
                        "name": "Prepared in Canada",
                        "count": 77,
                        "disabled": null,
                        "selected": false
                      }
                    ]
                  }
                },
                {
                  "name": "Flyer Item",
                  "selected": false,
                  "iconUrl": null,
                  "filterGroup": {
                    "code": "flyers",
                    "name": "Flyers",
                    "multiSelect": true,
                    "values": [
                      {
                        "code": "FLYER_ITEM",
                        "name": "Flyer Item",
                        "count": 13,
                        "disabled": null,
                        "selected": false
                      }
                    ]
                  }
                },
                {
                  "name": "Dietary",
                  "selected": false,
                  "iconUrl": null,
                  "filterGroup": {
                    "code": "dietaryCallouts",
                    "name": "Dietary & Lifestyle",
                    "multiSelect": true,
                    "values": [
                      {
                        "code": "gluten_free",
                        "name": "Gluten Free",
                        "count": 1,
                        "disabled": null,
                        "selected": false
                      }
                    ]
                  }
                }
              ],
              "totalResults": 81
            },
            "isSSR": true
          }
        ]
      },
      "bottomLeftAdSection": {
        "alignment": "NONE",
        "components": [
          {
            "componentId": "mediaIABComponent",
            "contentId": "2IpZjHfMKo8nXYkZI3W6V5",
            "variantId": null,
            "id": "2IpZjHfMKo8nXYkZI3W6V5",
            "position": 1,
            "data": {
              "mediaConfiguration": {
                "title": null,
                "adUnitType": "IAB_FLEXI",
                "adSizesMobile": [
                  "flexi_halfpage",
                  "flexi_medium_rectangle"
                ],
                "adSizesTablet": [
                  "flexi_halfpage",
                  "flexi_medium_rectangle"
                ],
                "adSizesDesktop": [
                  "flexi_halfpage",
                  "flexi_medium_rectangle"
                ],
                "refreshTimer": 5000,
                "lazyLoad": true,
                "lazyLoadingTriggerThreshold": 50,
                "position": "spt1",
                "searchTerm": null,
                "customData": {
                  "isDesktopOnly": true,
                  "rmp.category_path": ""
                },
                "pageType": null,
                "excludedProductIds": null
              }
            },
            "isSSR": true
          }
        ]
      },
      "bannerSection": null,
      "headlineSection": {
        "alignment": "NONE",
        "components": [
          {
            "componentId": "mediaIABComponent",
            "contentId": "9q8jZPCt3XJwPlzy59aU2",
            "variantId": null,
            "id": "9q8jZPCt3XJwPlzy59aU2",
            "position": 2,
            "data": {
              "mediaConfiguration": {
                "title": null,
                "adUnitType": "IAB_FLEXI",
                "adSizesMobile": [
                  "flexi_mbanner"
                ],
                "adSizesTablet": [
                  "flexi_leaderboard"
                ],
                "adSizesDesktop": [
                  "flexi_leaderboard"
                ],
                "refreshTimer": 0,
                "lazyLoad": true,
                "lazyLoadingTriggerThreshold": 50,
                "position": "1",
                "searchTerm": null,
                "customData": {
                  "isLegacyPage": true,
                  "rmp.category_path": ""
                },
                "pageType": "SRP",
                "excludedProductIds": null
              }
            },
            "isSSR": true
          },
          {
            "componentId": "headerGroupComponent",
            "contentId": "7CVoaDkLKONWqiCtFLLb77",
            "variantId": null,
            "id": "7CVoaDkLKONWqiCtFLLb77",
            "position": 3,
            "data": {
              "paragraph": null,
              "callToAction": null,
              "headline": {
                "text": "81 search results for sliced turkey breast",
                "alignment": "LEFT",
                "variantId": "LARGE_02",
                "headerType": "H2",
                "callToAction": null
              },
              "desktopImage": null,
              "mobileImage": null,
              "tabletImage": null
            },
            "isSSR": true
          }
        ]
      },
      "quickFiltersSection": {
        "alignment": "NONE",
        "components": [
          {
            "componentId": "quickFiltersComponent",
            "contentId": "7hq1BLg8QP3vp1UveZvKDK",
            "variantId": null,
            "id": "7hq1BLg8QP3vp1UveZvKDK",
            "position": 4,
            "data": {
              "quickFilters": [
                {
                  "name": "Our Brands",
                  "selected": false,
                  "iconUrl": null,
                  "filterGroup": {
                    "code": "productBrand",
                    "name": "Brand",
                    "multiSelect": true,
                    "values": [
                      {
                        "code": "P",
                        "name": "President's Choice",
                        "count": 23,
                        "disabled": null,
                        "selected": false
                      },
                      {
                        "code": "PCB",
                        "name": "PC Blue Menu",
                        "count": 3,
                        "disabled": null,
                        "selected": false
                      }
                    ]
                  }
                },
                {
                  "name": "Deals",
                  "selected": false,
                  "iconUrl": null,
                  "filterGroup": {
                    "code": "promotions",
                    "name": "Deals",
                    "multiSelect": true,
                    "values": [
                      {
                        "code": "Price Reduction",
                        "name": "Price Reduction",
                        "count": 5,
                        "disabled": null,
                        "selected": false
                      },
                      {
                        "code": "PC Points",
                        "name": "PC Optimum Points",
                        "count": 3,
                        "disabled": null,
                        "selected": false
                      },
                      {
                        "code": "$1,$2,$3,$4,$5",
                        "name": "$1,$2,$3,$4,$5",
                        "count": 2,
                        "disabled": null,
                        "selected": false
                      },
                      {
                        "code": "Multi-Buy",
                        "name": "Multi-Buy",
                        "count": 1,
                        "disabled": null,
                        "selected": false
                      }
                    ]
                  }
                },
                {
                  "name": "Shop Canadian",
                  "selected": false,
                  "iconUrl": null,
                  "filterGroup": {
                    "code": "shopCanadian",
                    "name": "Shop Canadian",
                    "multiSelect": true,
                    "values": [
                      {
                        "code": "prepared_in_canada",
                        "name": "Prepared in Canada",
                        "count": 77,
                        "disabled": null,
                        "selected": false
                      }
                    ]
                  }
                },
                {
                  "name": "Flyer Item",
                  "selected": false,
                  "iconUrl": null,
                  "filterGroup": {
                    "code": "flyers",
                    "name": "Flyers",
                    "multiSelect": true,
                    "values": [
                      {
                        "code": "FLYER_ITEM",
                        "name": "Flyer Item",
                        "count": 13,
                        "disabled": null,
                        "selected": false
                      }
                    ]
                  }
                },
                {
                  "name": "Dietary",
                  "selected": false,
                  "iconUrl": null,
                  "filterGroup": {
                    "code": "dietaryCallouts",
                    "name": "Dietary & Lifestyle",
                    "multiSelect": true,
                    "values": [
                      {
                        "code": "gluten_free",
                        "name": "Gluten Free",
                        "count": 1,
                        "disabled": null,
                        "selected": false
                      }
                    ]
                  }
                }
              ]
            },
            "isSSR": true
          }
        ]
      },
      "sortsSection": {
        "alignment": "NONE",
        "components": [
          {
            "componentId": "sortsComponent",
            "contentId": "2itjH0C7kCOzDHBYvRoPFu",
            "variantId": null,
            "id": "2itjH0C7kCOzDHBYvRoPFu",
            "position": 5,
            "data": {
              "sortsLabel": "Sort",
              "applyButtonText": "Sort",
              "sorts": [
                {
                  "code": "recommended",
                  "name": "Relevance",
                  "selected": true
                },
                {
                  "code": "price-asc",
                  "name": "Price (Low to High)",
                  "selected": false
                },
                {
                  "code": "price-desc",
                  "name": "Price (High to Low)",
                  "selected": false
                },
                {
                  "code": "name-asc",
                  "name": "A-Z (alphabetical)",
                  "selected": false
                },
                {
                  "code": "newest-desc",
                  "name": "Newest to Oldest Products",
                  "selected": false
                }
              ]
            },
            "isSSR": true
          }
        ]
      },
      "mainContentCollection": {
        "alignment": "NONE",
        "components": [
          {
            "componentId": "productGridComponent",
            "contentId": "6atKIMngFtGlCRtqtvjrXq-0",
            "variantId": null,
            "id": "6atKIMngFtGlCRtqtvjrXq-1-1-0",
            "position": 6,
            "data": {
              "pagination": {
                "pageNumber": 1,
                "pageSize": 48,
                "hasMore": false,
                "isLast": false,
                "totalResults": 81
              },
              "productTiles": [
                {
                  "index": 1,
                  "promotions": [],
                  "productId": "20009282_EA",
                  "productImage": [
                    {
                      "imageUrl": "https://digital.loblaws.ca/PCX/20009282_EA/en/1/20009282_en_front_1200.png",
                      "thumbnailUrl": "https://digital.loblaws.ca/PCX/20009282_EA/en/1/20009282_en_front_120.png",
                      "smallUrl": "https://digital.loblaws.ca/PCX/20009282_EA/en/1/20009282_en_front_250.png",
                      "mediumUrl": "https://digital.loblaws.ca/PCX/20009282_EA/en/1/20009282_en_front_400.png",
                      "largeUrl": "https://digital.loblaws.ca/PCX/20009282_EA/en/1/20009282_en_front_800.png",
                      "extraLargeUrl": "https://digital.loblaws.ca/PCX/20009282_EA/en/1/20009282_en_front_1200.png",
                      "smallRetinaUrl": "https://digital.loblaws.ca/PCX/20009282_EA/en/1/20009282_en_front_250.png",
                      "mediumRetinaUrl": "https://digital.loblaws.ca/PCX/20009282_EA/en/1/20009282_en_front_400.png",
                      "largeRetinaUrl": "https://digital.loblaws.ca/PCX/20009282_EA/en/1/20009282_en_front_800.png"
                    }
                  ],
                  "brand": "Maple Leaf",
                  "title": "Natural Selections Sliced Deli Turkey Breast, Oven Roasted",
                  "description": "<p>Create a tasty sandwich or wrap with Maple Leaf® Natural Selections® Sliced Oven Roasted Turkey Breast. Made with natural ingredients, these turkey slices are oven roasted for delicious, savoury flavour. The convenient resealable package helps keep the deli meat fresh and ready to enjoy. Made for families, the Maple Leaf® brand offers premium meat using only natural ingredients with no artificial preservatives, flavours, colours, or sweeteners. Dedicated to providing wholesome, real food for Canadians for generations to come, Maple Leaf® is the first major food company in the world to become carbon neutral. Join them in their commitment to build a more sustainable planet.</p><ul><li>ENJOY ANYTIME: Sliced oven roasted turkey breast makes it easy to create a delicious sandwich</li><li>PREMIUM CUTS: The Maple Leaf® brand uses only our quality cuts of turkey breast to create this sandwich meat</li><li>OVEN ROASTED: Sliced turkey meat is roasted in the oven for savoury flavour</li><li>SEASONED JUST RIGHT: Turkey is seasoned with only natural ingredients</li><li>MADE BY A CARBON NEUTRAL COMPANY: Maple Leaf® products are made by a company that has been carbon neutral since 2019. Learn more about their commitment to carbon neutrality at mapleleaf.ca/carbonneutral</li></ul>",
                  "packageSizing": "175 g, $45.66/1kg $4.57/100g",
                  "pricing": {
                    "price": "7.99",
                    "wasPrice": null,
                    "displayPrice": "$7.99",
                    "memberOnlyPrice": null,
                    "mopDisplayPrice": null,
                    "ehfTotal": null,
                    "environmentalHandlingFee": null,
                    "taxInfo": ""
                  },
                  "pricingUnits": {
                    "type": "SOLD_BY_EACH",
                    "unit": "ea",
                    "interval": 1,
                    "minOrderQuantity": 1,
                    "maxOrderQuantity": 24,
                    "weighted": false
                  },
                  "deal": null,
                  "mopDeal": null,
                  "pcoDeal": null,
                  "inventoryIndicator": null,
                  "offerType": "OG",
                  "offerId": "OG",
                  "action": null,
                  "isVariant": false,
                  "link": "/en/natural-selections-sliced-deli-turkey-breast-oven/p/20009282_EA",
                  "productVendor": null,
                  "productVariant": null,
                  "textBadge": "",
                  "variantTheme": null,
                  "articleNumber": "20009282",
                  "uom": "EA",
                  "sponsoredCreative": null,
                  "isSponsored": false,
                  "isComplementarySponsored": false,
                  "complementarySponsoredBadgeText": null,
                  "productBadge": {
                    "badgeId": "PREPARED_IN_CANADA",
                    "badgeClass": "badge11",
                    "text": "Prepared in Canada",
                    "icon": {
                      "url": "https://dis-prod.assetful.loblaw.ca/content/dam/loblaw-companies-limited/creative-assets/pc-optimum/global-list/maple-leaf-red.png",
                      "altText": "",
                      "placement": "LEFT"
                    }
                  }
                },
                {
                  "index": 2,
                  "promotions": [],
                  "productId": "20059548_KG",
                  "productImage": [
                    {
                      "imageUrl": "https://digital.loblaws.ca/PCX/20059548_KG/en/1/20059548_en_front_1200.png",
                      "thumbnailUrl": "https://digital.loblaws.ca/PCX/20059548_KG/en/1/20059548_en_front_120.png",
                      "smallUrl": "https://digital.loblaws.ca/PCX/20059548_KG/en/1/20059548_en_front_250.png",
                      "mediumUrl": "https://digital.loblaws.ca/PCX/20059548_KG/en/1/20059548_en_front_400.png",
                      "largeUrl": "https://digital.loblaws.ca/PCX/20059548_KG/en/1/20059548_en_front_800.png",
                      "extraLargeUrl": "https://digital.loblaws.ca/PCX/20059548_KG/en/1/20059548_en_front_1200.png",
                      "smallRetinaUrl": "https://digital.loblaws.ca/PCX/20059548_KG/en/1/20059548_en_front_250.png",
                      "mediumRetinaUrl": "https://digital.loblaws.ca/PCX/20059548_KG/en/1/20059548_en_front_400.png",
                      "largeRetinaUrl": "https://digital.loblaws.ca/PCX/20059548_KG/en/1/20059548_en_front_800.png"
                    }
                  ],
                  "brand": "President's Choice",
                  "title": "Oven-Roasted Turkey Breast (Thin Sliced)",
                  "description": "<p><p>Oven-Roasted Turkey Breast is extra lean with a rich, savoury flavour that’s perfect for any occasion. Gluten-free and fully cooked, it’s great for family gatherings, easy weeknight dinners, or slicing for fresh sandwiches.</p></p><p><br></p><p>Allergen Alert : We cannot guarantee that any items have not come into contact with Peanuts, Tree nuts, Milk, Fish, Crustacean, Shellfish, Egg, Soy, Sesame, Wheat Mustard, Sulphites.</p>",
                  "packageSizing": "$42.90/1kg $19.46/1lb",
                  "pricing": {
                    "price": "4.29",
                    "wasPrice": null,
                    "displayPrice": "$4.29",
                    "memberOnlyPrice": null,
                    "mopDisplayPrice": null,
                    "ehfTotal": null,
                    "environmentalHandlingFee": null,
                    "taxInfo": ""
                  },
                  "pricingUnits": {
                    "type": "SOLD_BY_WEIGHT",
                    "unit": "g",
                    "interval": 100,
                    "minOrderQuantity": 100,
                    "maxOrderQuantity": 999,
                    "weighted": true
                  },
                  "deal": null,
                  "mopDeal": null,
                  "pcoDeal": null,
                  "inventoryIndicator": null,
                  "offerType": "OG",
                  "offerId": "OG",
                  "action": null,
                  "isVariant": false,
                  "link": "/en/oven-roasted-turkey-breast-thin-sliced/p/20059548_KG",
                  "productVendor": null,
                  "productVariant": null,
                  "textBadge": "",
                  "variantTheme": null,
                  "articleNumber": "20059548",
                  "uom": "KG",
                  "sponsoredCreative": null,
                  "isSponsored": false,
                  "isComplementarySponsored": false,
                  "complementarySponsoredBadgeText": null,
                  "productBadge": {
                    "badgeId": "PREPARED_IN_CANADA",
                    "badgeClass": "badge11",
                    "text": "Prepared in Canada",
                    "icon": {
                      "url": "https://dis-prod.assetful.loblaw.ca/content/dam/loblaw-companies-limited/creative-assets/pc-optimum/global-list/maple-leaf-red.png",
                      "altText": "",
                      "placement": "LEFT"
                    }
                  }
                },
                {
                  "index": 3,
                  "promotions": [],
                  "productId": "20772016_EA",
                  "productImage": [
                    {
                      "imageUrl": "https://digital.loblaws.ca/PCX/20772016_EA/en/1/20772016_en_front_1200.png",
                      "thumbnailUrl": "https://digital.loblaws.ca/PCX/20772016_EA/en/1/20772016_en_front_120.png",
                      "smallUrl": "https://digital.loblaws.ca/PCX/20772016_EA/en/1/20772016_en_front_250.png",
                      "mediumUrl": "https://digital.loblaws.ca/PCX/20772016_EA/en/1/20772016_en_front_400.png",
                      "largeUrl": "https://digital.loblaws.ca/PCX/20772016_EA/en/1/20772016_en_front_800.png",
                      "extraLargeUrl": "https://digital.loblaws.ca/PCX/20772016_EA/en/1/20772016_en_front_1200.png",
                      "smallRetinaUrl": "https://digital.loblaws.ca/PCX/20772016_EA/en/1/20772016_en_front_250.png",
                      "mediumRetinaUrl": "https://digital.loblaws.ca/PCX/20772016_EA/en/1/20772016_en_front_400.png",
                      "largeRetinaUrl": "https://digital.loblaws.ca/PCX/20772016_EA/en/1/20772016_en_front_800.png"
                    }
                  ],
                  "brand": "Maple Leaf",
                  "title": "Natural Selections Shaved Turkey Breast, Oven Roasted, Family Size.",
                  "description": "<p>Pack delicious lunches for the whole family with Maple Leaf® Natural Selections® Shaved Oven Roasted Turkey Breast. Made with natural ingredients and modified vinegar, these fresh, thinly shaved turkey slices are oven roasted for delicious, savoury flavour. The resealable family-size package helps ensure the deli meat stays fresh. Made for families, the Maple Leaf® brand offers premium meat using real, simple, ingredients with no artificial flavours, colours, or sweeteners. Dedicated to providing wholesome, real food for Canadians for generations to come, Maple Leaf® is the first major food company in the world to become carbon neutral. Join them in their commitment to build a more sustainable planet.</p><ul><li>FAMILY SIZE: Resealable family-size package makes it easy to craft delicious sandwiches for the whole family</li><li>PREMIUM CUTS: The Maple Leaf® brand uses only our quality cuts of turkey breast to create this thinly shaved sandwich meat</li><li>OVEN ROASTED: Sliced turkey meat is roasted in the oven for savoury flavour</li><li>SEASONED JUST RIGHT: Turkey breast is seasoned with natural ingredients and modified vinegar</li><li>MADE BY A CARBON NEUTRAL COMPANY: Maple Leaf® products are made by a company that has been carbon neutral since 2019. Learn more about their commitment to carbon neutrality at mapleleaf.ca/carbonneutral</li></ul>",
                  "packageSizing": "375 g, $38.64/1kg $3.86/100g",
                  "pricing": {
                    "price": "14.49",
                    "wasPrice": null,
                    "displayPrice": "$14.49",
                    "memberOnlyPrice": null,
                    "mopDisplayPrice": null,
                    "ehfTotal": null,
                    "environmentalHandlingFee": null,
                    "taxInfo": ""
                  },
                  "pricingUnits": {
                    "type": "SOLD_BY_EACH",
                    "unit": "ea",
                    "interval": 1,
                    "minOrderQuantity": 1,
                    "maxOrderQuantity": 24,
                    "weighted": false
                  },
                  "deal": null,
                  "mopDeal": null,
                  "pcoDeal": null,
                  "inventoryIndicator": null,
                  "offerType": "OG",
                  "offerId": "OG",
                  "action": null,
                  "isVariant": false,
                  "link": "/en/natural-selections-shaved-turkey-breast-oven-roast/p/20772016_EA",
                  "productVendor": null,
                  "productVariant": null,
                  "textBadge": "",
                  "variantTheme": null,
                  "articleNumber": "20772016",
                  "uom": "EA",
                  "sponsoredCreative": null,
                  "isSponsored": false,
                  "isComplementarySponsored": false,
                  "complementarySponsoredBadgeText": null,
                  "productBadge": {
                    "badgeId": "PREPARED_IN_CANADA",
                    "badgeClass": "badge11",
                    "text": "Prepared in Canada",
                    "icon": {
                      "url": "https://dis-prod.assetful.loblaw.ca/content/dam/loblaw-companies-limited/creative-assets/pc-optimum/global-list/maple-leaf-red.png",
                      "altText": "",
                      "placement": "LEFT"
                    }
                  }
                },
                {
                  "index": 4,
                  "promotions": [],
                  "productId": "21596554_EA",
                  "productImage": [
                    {
                      "imageUrl": "https://digital.loblaws.ca/PCX/21596554_EA/en/1/21596554_enfr_front_v1_1200.png",
                      "thumbnailUrl": "https://digital.loblaws.ca/PCX/21596554_EA/en/1/21596554_enfr_front_v1_120.png",
                      "smallUrl": "https://digital.loblaws.ca/PCX/21596554_EA/en/1/21596554_enfr_front_v1_250.png",
                      "mediumUrl": "https://digital.loblaws.ca/PCX/21596554_EA/en/1/21596554_enfr_front_v1_400.png",
                      "largeUrl": "https://digital.loblaws.ca/PCX/21596554_EA/en/1/21596554_enfr_front_v1_800.png",
                      "extraLargeUrl": "https://digital.loblaws.ca/PCX/21596554_EA/en/1/21596554_enfr_front_v1_1200.png",
                      "smallRetinaUrl": "https://digital.loblaws.ca/PCX/21596554_EA/en/1/21596554_enfr_front_v1_250.png",
                      "mediumRetinaUrl": "https://digital.loblaws.ca/PCX/21596554_EA/en/1/21596554_enfr_front_v1_400.png",
                      "largeRetinaUrl": "https://digital.loblaws.ca/PCX/21596554_EA/en/1/21596554_enfr_front_v1_800.png"
                    }
                  ],
                  "brand": "Ziggy's",
                  "title": "Oven Roasted Turkey Slices",
                  "description": "<p>Prepare a quick and easy sandwich with Oven Roasted Turkey Slices. With 17% meat protein, these turkey slices taste great on a kaiser bun with tomato, lettuce, and cheese.</p>",
                  "packageSizing": "175 g, $2.00/100g",
                  "pricing": {
                    "price": "3.50",
                    "wasPrice": null,
                    "displayPrice": "$3.50",
                    "memberOnlyPrice": null,
                    "mopDisplayPrice": null,
                    "ehfTotal": null,
                    "environmentalHandlingFee": null,
                    "taxInfo": ""
                  },
                  "pricingUnits": {
                    "type": "SOLD_BY_EACH",
                    "unit": "ea",
                    "interval": 1,
                    "minOrderQuantity": 1,
                    "maxOrderQuantity": 24,
                    "weighted": false
                  },
                  "deal": null,
                  "mopDeal": null,
                  "pcoDeal": null,
                  "inventoryIndicator": null,
                  "offerType": "OG",
                  "offerId": "OG",
                  "action": null,
                  "isVariant": false,
                  "link": "/en/oven-roasted-turkey-slices/p/21596554_EA",
                  "productVendor": null,
                  "productVariant": null,
                  "textBadge": "",
                  "variantTheme": null,
                  "articleNumber": "21596554",
                  "uom": "EA",
                  "sponsoredCreative": null,
                  "isSponsored": false,
                  "isComplementarySponsored": false,
                  "complementarySponsoredBadgeText": null,
                  "productBadge": {
                    "badgeId": "PREPARED_IN_CANADA",
                    "badgeClass": "badge11",
                    "text": "Prepared in Canada",
                    "icon": {
                      "url": "https://dis-prod.assetful.loblaw.ca/content/dam/loblaw-companies-limited/creative-assets/pc-optimum/global-list/maple-leaf-red.png",
                      "altText": "",
                      "placement": "LEFT"
                    }
                  }
                },
                {
                  "index": 5,
                  "promotions": [],
                  "productId": "20582322_EA",
                  "productImage": [
                    {
                      "imageUrl": "https://digital.loblaws.ca/PCX/20582322_EA/en/1/20582322_en_front_1200.png",
                      "thumbnailUrl": "https://digital.loblaws.ca/PCX/20582322_EA/en/1/20582322_en_front_120.png",
                      "smallUrl": "https://digital.loblaws.ca/PCX/20582322_EA/en/1/20582322_en_front_250.png",
                      "mediumUrl": "https://digital.loblaws.ca/PCX/20582322_EA/en/1/20582322_en_front_400.png",
                      "largeUrl": "https://digital.loblaws.ca/PCX/20582322_EA/en/1/20582322_en_front_800.png",
                      "extraLargeUrl": "https://digital.loblaws.ca/PCX/20582322_EA/en/1/20582322_en_front_1200.png",
                      "smallRetinaUrl": "https://digital.loblaws.ca/PCX/20582322_EA/en/1/20582322_en_front_250.png",
                      "mediumRetinaUrl": "https://digital.loblaws.ca/PCX/20582322_EA/en/1/20582322_en_front_400.png",
                      "largeRetinaUrl": "https://digital.loblaws.ca/PCX/20582322_EA/en/1/20582322_en_front_800.png"
                    }
                  ],
                  "brand": "Maple Leaf",
                  "title": "Natural Selections Shaved Deli Turkey Breast, Hickory Smoked",
                  "description": "<p>Create a delicious sandwich or wrap with Maple Leaf® Natural Selections® Shaved Hickory Smoked Turkey Breast. Made with natural ingredients and modifed vinegar, these fresh shaved turkey slices are hickory smoked for flavour the whole family will love. The convenient resealable package ensures the deli meat stays fresh. Made for families, the Maple Leaf® brand offers premium meat using real, simple, ingredients with no artificial flavours, colours, or sweeteners. Dedicated to providing wholesome, real food for Canadians for generations to come, Maple Leaf® is the first major food company in the world to become carbon neutral. Join them in their commitment to build a more sustainable planet.</p><ul><li>ENJOY ANYTIME: Thinly shaved slices of hickory smoked turkey make it easy to create a tasty sandwich</li><li>PREMIUM CUTS: The Maple Leaf® brand uses only our quality cuts of turkey breast to create this shaved sandwich meat</li><li>SMOKED WITH HICKORY: Deli meat is hickory smoked for flavour the whole family will love</li><li>SEASONED JUST RIGHT: Turkey slices are seasoned with natural ingredients and modified vinegar</li><li>MADE BY A CARBON NEUTRAL COMPANY: Maple Leaf® products are made by a company that has been carbon neutral since 2019. Learn more about their commitment to carbon neutrality at mapleleaf.ca/carbonneutral</li></ul>",
                  "packageSizing": "175 g, $45.66/1kg $4.57/100g",
                  "pricing": {
                    "price": "7.99",
                    "wasPrice": null,
                    "displayPrice": "$7.99",
                    "memberOnlyPrice": null,
                    "mopDisplayPrice": null,
                    "ehfTotal": null,
                    "environmentalHandlingFee": null,
                    "taxInfo": ""
                  },
                  "pricingUnits": {
                    "type": "SOLD_BY_EACH",
                    "unit": "ea",
                    "interval": 1,
                    "minOrderQuantity": 1,
                    "maxOrderQuantity": 24,
                    "weighted": false
                  },
                  "deal": null,
                  "mopDeal": null,
                  "pcoDeal": null,
                  "inventoryIndicator": null,
                  "offerType": "OG",
                  "offerId": "OG",
                  "action": null,
                  "isVariant": false,
                  "link": "/en/natural-selections-shaved-deli-turkey-breast-hicko/p/20582322_EA",
                  "productVendor": null,
                  "productVariant": null,
                  "textBadge": "",
                  "variantTheme": null,
                  "articleNumber": "20582322",
                  "uom": "EA",
                  "sponsoredCreative": null,
                  "isSponsored": false,
                  "isComplementarySponsored": false,
                  "complementarySponsoredBadgeText": null,
                  "productBadge": {
                    "badgeId": "PREPARED_IN_CANADA",
                    "badgeClass": "badge11",
                    "text": "Prepared in Canada",
                    "icon": {
                      "url": "https://dis-prod.assetful.loblaw.ca/content/dam/loblaw-companies-limited/creative-assets/pc-optimum/global-list/maple-leaf-red.png",
                      "altText": "",
                      "placement": "LEFT"
                    }
                  }
                },
                {
                  "index": 6,
                  "promotions": [],
                  "productId": "20972656_KG",
                  "productImage": [
                    {
                      "imageUrl": "https://digital.loblaws.ca/PCX/20972656_KG/en/1/20972656_en_front_1200.png",
                      "thumbnailUrl": "https://digital.loblaws.ca/PCX/20972656_KG/en/1/20972656_en_front_120.png",
                      "smallUrl": "https://digital.loblaws.ca/PCX/20972656_KG/en/1/20972656_en_front_250.png",
                      "mediumUrl": "https://digital.loblaws.ca/PCX/20972656_KG/en/1/20972656_en_front_400.png",
                      "largeUrl": "https://digital.loblaws.ca/PCX/20972656_KG/en/1/20972656_en_front_800.png",
                      "extraLargeUrl": "https://digital.loblaws.ca/PCX/20972656_KG/en/1/20972656_en_front_1200.png",
                      "smallRetinaUrl": "https://digital.loblaws.ca/PCX/20972656_KG/en/1/20972656_en_front_250.png",
                      "mediumRetinaUrl": "https://digital.loblaws.ca/PCX/20972656_KG/en/1/20972656_en_front_400.png",
                      "largeRetinaUrl": "https://digital.loblaws.ca/PCX/20972656_KG/en/1/20972656_en_front_800.png"
                    }
                  ],
                  "brand": "President's Choice",
                  "title": "Free From Oven Roasted Turkey ",
                  "description": "<p>Allergen Alert : We cannot guarantee that any items have not come into contact with Peanuts, Tree nuts, Milk, Fish, Crustacean, Shellfish, Egg, Soy, Sesame, Wheat Mustard, Sulphites.</p>",
                  "packageSizing": "$40.00/1kg $18.15/1lb",
                  "pricing": {
                    "price": "4.00",
                    "wasPrice": "$4.29",
                    "displayPrice": "$4.00",
                    "memberOnlyPrice": null,
                    "mopDisplayPrice": null,
                    "ehfTotal": null,
                    "environmentalHandlingFee": null,
                    "taxInfo": ""
                  },
                  "pricingUnits": {
                    "type": "SOLD_BY_WEIGHT",
                    "unit": "g",
                    "interval": 100,
                    "minOrderQuantity": 100,
                    "maxOrderQuantity": 999,
                    "weighted": true
                  },
                  "deal": {
                    "type": "SALE",
                    "text": "SAVE $0.29",
                    "points": 0,
                    "name": "SALE",
                    "expiryDate": "2026-01-14T00:00:00Z",
                    "dealPrice": null
                  },
                  "mopDeal": null,
                  "pcoDeal": null,
                  "inventoryIndicator": null,
                  "offerType": "OG",
                  "offerId": "OG",
                  "action": null,
                  "isVariant": false,
                  "link": "/en/free-from-oven-roasted-turkey/p/20972656_KG",
                  "productVendor": null,
                  "productVariant": null,
                  "textBadge": "",
                  "variantTheme": null,
                  "articleNumber": "20972656",
                  "uom": "KG",
                  "sponsoredCreative": null,
                  "isSponsored": false,
                  "isComplementarySponsored": false,
                  "complementarySponsoredBadgeText": null,
                  "productBadge": {
                    "badgeId": "PREPARED_IN_CANADA",
                    "badgeClass": "badge11",
                    "text": "Prepared in Canada",
                    "icon": {
                      "url": "https://dis-prod.assetful.loblaw.ca/content/dam/loblaw-companies-limited/creative-assets/pc-optimum/global-list/maple-leaf-red.png",
                      "altText": "",
                      "placement": "LEFT"
                    }
                  }
                },
                {
                  "index": 7,
                  "promotions": [],
                  "productId": "21590279_EA",
                  "productImage": [
                    {
                      "imageUrl": "https://digital.loblaws.ca/PCX/21590279_EA/en/1/21590279_enfr_front_v1_1200.png",
                      "thumbnailUrl": "https://digital.loblaws.ca/PCX/21590279_EA/en/1/21590279_enfr_front_v1_120.png",
                      "smallUrl": "https://digital.loblaws.ca/PCX/21590279_EA/en/1/21590279_enfr_front_v1_250.png",
                      "mediumUrl": "https://digital.loblaws.ca/PCX/21590279_EA/en/1/21590279_enfr_front_v1_400.png",
                      "largeUrl": "https://digital.loblaws.ca/PCX/21590279_EA/en/1/21590279_enfr_front_v1_800.png",
                      "extraLargeUrl": "https://digital.loblaws.ca/PCX/21590279_EA/en/1/21590279_enfr_front_v1_1200.png",
                      "smallRetinaUrl": "https://digital.loblaws.ca/PCX/21590279_EA/en/1/21590279_enfr_front_v1_250.png",
                      "mediumRetinaUrl": "https://digital.loblaws.ca/PCX/21590279_EA/en/1/21590279_enfr_front_v1_400.png",
                      "largeRetinaUrl": "https://digital.loblaws.ca/PCX/21590279_EA/en/1/21590279_enfr_front_v1_800.png"
                    }
                  ],
                  "brand": "Ziggy's",
                  "title": "Smoked Turkey Breast Slices",
                  "description": "<p>Always have Smoked Turkey Breast Slices in your fridge for at-home or on-the-go lunches. With 17% meat protein, these extra lean turkey slices are great with lettuce, tomato, and cheese.</p>",
                  "packageSizing": "175 g, $2.00/100g",
                  "pricing": {
                    "price": "3.50",
                    "wasPrice": null,
                    "displayPrice": "$3.50",
                    "memberOnlyPrice": null,
                    "mopDisplayPrice": null,
                    "ehfTotal": null,
                    "environmentalHandlingFee": null,
                    "taxInfo": ""
                  },
                  "pricingUnits": {
                    "type": "SOLD_BY_EACH",
                    "unit": "ea",
                    "interval": 1,
                    "minOrderQuantity": 1,
                    "maxOrderQuantity": 24,
                    "weighted": false
                  },
                  "deal": null,
                  "mopDeal": null,
                  "pcoDeal": null,
                  "inventoryIndicator": null,
                  "offerType": "OG",
                  "offerId": "OG",
                  "action": null,
                  "isVariant": false,
                  "link": "/en/smoked-turkey-breast-slices/p/21590279_EA",
                  "productVendor": null,
                  "productVariant": null,
                  "textBadge": "",
                  "variantTheme": null,
                  "articleNumber": "21590279",
                  "uom": "EA",
                  "sponsoredCreative": null,
                  "isSponsored": false,
                  "isComplementarySponsored": false,
                  "complementarySponsoredBadgeText": null,
                  "productBadge": {
                    "badgeId": "PREPARED_IN_CANADA",
                    "badgeClass": "badge11",
                    "text": "Prepared in Canada",
                    "icon": {
                      "url": "https://dis-prod.assetful.loblaw.ca/content/dam/loblaw-companies-limited/creative-assets/pc-optimum/global-list/maple-leaf-red.png",
                      "altText": "",
                      "placement": "LEFT"
                    }
                  }
                },
                {
                  "index": 8,
                  "promotions": [],
                  "productId": "21596533_EA",
                  "productImage": [
                    {
                      "imageUrl": "https://digital.loblaws.ca/PCX/21596533_EA/en/1/21596533_enfr_front_v1_1200.png",
                      "thumbnailUrl": "https://digital.loblaws.ca/PCX/21596533_EA/en/1/21596533_enfr_front_v1_120.png",
                      "smallUrl": "https://digital.loblaws.ca/PCX/21596533_EA/en/1/21596533_enfr_front_v1_250.png",
                      "mediumUrl": "https://digital.loblaws.ca/PCX/21596533_EA/en/1/21596533_enfr_front_v1_400.png",
                      "largeUrl": "https://digital.loblaws.ca/PCX/21596533_EA/en/1/21596533_enfr_front_v1_800.png",
                      "extraLargeUrl": "https://digital.loblaws.ca/PCX/21596533_EA/en/1/21596533_enfr_front_v1_1200.png",
                      "smallRetinaUrl": "https://digital.loblaws.ca/PCX/21596533_EA/en/1/21596533_enfr_front_v1_250.png",
                      "mediumRetinaUrl": "https://digital.loblaws.ca/PCX/21596533_EA/en/1/21596533_enfr_front_v1_400.png",
                      "largeRetinaUrl": "https://digital.loblaws.ca/PCX/21596533_EA/en/1/21596533_enfr_front_v1_800.png"
                    }
                  ],
                  "brand": "Ziggy's",
                  "title": "Smoked Turkey Breast Slices Club Pack",
                  "description": "<p>Smoked Turkey Breast Slices Club Pack is great for adding flavour to your favourite sandwiches. Stack slices of turkey breast between soft bread with your favourite veggies for a delicious taste.</p>",
                  "packageSizing": "600 g, $1.32/100g",
                  "pricing": {
                    "price": "7.94",
                    "wasPrice": null,
                    "displayPrice": "$7.94",
                    "memberOnlyPrice": null,
                    "mopDisplayPrice": null,
                    "ehfTotal": null,
                    "environmentalHandlingFee": null,
                    "taxInfo": ""
                  },
                  "pricingUnits": {
                    "type": "SOLD_BY_EACH",
                    "unit": "ea",
                    "interval": 1,
                    "minOrderQuantity": 1,
                    "maxOrderQuantity": 24,
                    "weighted": false
                  },
                  "deal": null,
                  "mopDeal": null,
                  "pcoDeal": null,
                  "inventoryIndicator": null,
                  "offerType": "OG",
                  "offerId": "OG",
                  "action": null,
                  "isVariant": false,
                  "link": "/en/smoked-turkey-breast-slices-club-pack/p/21596533_EA",
                  "productVendor": null,
                  "productVariant": null,
                  "textBadge": "",
                  "variantTheme": null,
                  "articleNumber": "21596533",
                  "uom": "EA",
                  "sponsoredCreative": null,
                  "isSponsored": false,
                  "isComplementarySponsored": false,
                  "complementarySponsoredBadgeText": null,
                  "productBadge": {
                    "badgeId": "PREPARED_IN_CANADA",
                    "badgeClass": "badge11",
                    "text": "Prepared in Canada",
                    "icon": {
                      "url": "https://dis-prod.assetful.loblaw.ca/content/dam/loblaw-companies-limited/creative-assets/pc-optimum/global-list/maple-leaf-red.png",
                      "altText": "",
                      "placement": "LEFT"
                    }
                  }
                },
                {
                  "index": 9,
                  "promotions": [],
                  "productId": "21626482_EA",
                  "productImage": [
                    {
                      "imageUrl": "https://digital.loblaws.ca/PCX/21626482_EA/en/1/21626482_enfr_front_v1_1200.png",
                      "thumbnailUrl": "https://digital.loblaws.ca/PCX/21626482_EA/en/1/21626482_enfr_front_v1_120.png",
                      "smallUrl": "https://digital.loblaws.ca/PCX/21626482_EA/en/1/21626482_enfr_front_v1_250.png",
                      "mediumUrl": "https://digital.loblaws.ca/PCX/21626482_EA/en/1/21626482_enfr_front_v1_400.png",
                      "largeUrl": "https://digital.loblaws.ca/PCX/21626482_EA/en/1/21626482_enfr_front_v1_800.png",
                      "extraLargeUrl": "https://digital.loblaws.ca/PCX/21626482_EA/en/1/21626482_enfr_front_v1_1200.png",
                      "smallRetinaUrl": "https://digital.loblaws.ca/PCX/21626482_EA/en/1/21626482_enfr_front_v1_250.png",
                      "mediumRetinaUrl": "https://digital.loblaws.ca/PCX/21626482_EA/en/1/21626482_enfr_front_v1_400.png",
                      "largeRetinaUrl": "https://digital.loblaws.ca/PCX/21626482_EA/en/1/21626482_enfr_front_v1_800.png"
                    }
                  ],
                  "brand": "Ziggy's",
                  "title": "Extra Lean Smoked Turkey, Fixed Weight",
                  "description": "Turkey is a flavourful, lean white meat. As a cold cut, it makes for a great sandwich filling. Try it on a bun with lettuce, tomatoes, and mayonnaise. ",
                  "packageSizing": "200 g, $2.50/100g",
                  "pricing": {
                    "price": "5.00",
                    "wasPrice": null,
                    "displayPrice": "$5.00",
                    "memberOnlyPrice": null,
                    "mopDisplayPrice": null,
                    "ehfTotal": null,
                    "environmentalHandlingFee": null,
                    "taxInfo": ""
                  },
                  "pricingUnits": {
                    "type": "SOLD_BY_EACH",
                    "unit": "ea",
                    "interval": 1,
                    "minOrderQuantity": 1,
                    "maxOrderQuantity": 25,
                    "weighted": false
                  },
                  "deal": null,
                  "mopDeal": null,
                  "pcoDeal": null,
                  "inventoryIndicator": null,
                  "offerType": "OG",
                  "offerId": "OG",
                  "action": null,
                  "isVariant": false,
                  "link": "/en/extra-lean-smoked-turkey-fixed-weight/p/21626482_EA",
                  "productVendor": null,
                  "productVariant": null,
                  "textBadge": "",
                  "variantTheme": null,
                  "articleNumber": "21626482",
                  "uom": "EA",
                  "sponsoredCreative": null,
                  "isSponsored": false,
                  "isComplementarySponsored": false,
                  "complementarySponsoredBadgeText": null,
                  "productBadge": {
                    "badgeId": "PREPARED_IN_CANADA",
                    "badgeClass": "badge11",
                    "text": "Prepared in Canada",
                    "icon": {
                      "url": "https://dis-prod.assetful.loblaw.ca/content/dam/loblaw-companies-limited/creative-assets/pc-optimum/global-list/maple-leaf-red.png",
                      "altText": "",
                      "placement": "LEFT"
                    }
                  }
                },
                {
                  "index": 10,
                  "promotions": [],
                  "productId": "20923814_EA",
                  "productImage": [
                    {
                      "imageUrl": "https://digital.loblaws.ca/PCX/20923814_EA/en/1/20923814_en_front_1200.png",
                      "thumbnailUrl": "https://digital.loblaws.ca/PCX/20923814_EA/en/1/20923814_en_front_120.png",
                      "smallUrl": "https://digital.loblaws.ca/PCX/20923814_EA/en/1/20923814_en_front_250.png",
                      "mediumUrl": "https://digital.loblaws.ca/PCX/20923814_EA/en/1/20923814_en_front_400.png",
                      "largeUrl": "https://digital.loblaws.ca/PCX/20923814_EA/en/1/20923814_en_front_800.png",
                      "extraLargeUrl": "https://digital.loblaws.ca/PCX/20923814_EA/en/1/20923814_en_front_1200.png",
                      "smallRetinaUrl": "https://digital.loblaws.ca/PCX/20923814_EA/en/1/20923814_en_front_250.png",
                      "mediumRetinaUrl": "https://digital.loblaws.ca/PCX/20923814_EA/en/1/20923814_en_front_400.png",
                      "largeRetinaUrl": "https://digital.loblaws.ca/PCX/20923814_EA/en/1/20923814_en_front_800.png"
                    }
                  ],
                  "brand": "President's Choice",
                  "title": "Free From Oven Roasted Turkey, Club Pack",
                  "description": "A go-to for bagged lunches and essential for classic club sandwiches, this delicious oven-roasted turkey breast will appeal to everyone in the family. Made from grain-fed turkey raised without the use of antibiotics or hormones*, it’s a great option brought to you with the help of our Canadian farmers.  *All turkey is raised without the use of hormones.",
                  "packageSizing": "375 g, $4.00/100g",
                  "pricing": {
                    "price": "14.99",
                    "wasPrice": null,
                    "displayPrice": "$14.99",
                    "memberOnlyPrice": null,
                    "mopDisplayPrice": null,
                    "ehfTotal": null,
                    "environmentalHandlingFee": null,
                    "taxInfo": ""
                  },
                  "pricingUnits": {
                    "type": "SOLD_BY_EACH",
                    "unit": "ea",
                    "interval": 1,
                    "minOrderQuantity": 1,
                    "maxOrderQuantity": 24,
                    "weighted": false
                  },
                  "deal": null,
                  "mopDeal": null,
                  "pcoDeal": null,
                  "inventoryIndicator": null,
                  "offerType": "OG",
                  "offerId": "OG",
                  "action": null,
                  "isVariant": false,
                  "link": "/en/free-from-oven-roasted-turkey-club-pack/p/20923814_EA",
                  "productVendor": null,
                  "productVariant": null,
                  "textBadge": "",
                  "variantTheme": null,
                  "articleNumber": "20923814",
                  "uom": "EA",
                  "sponsoredCreative": null,
                  "isSponsored": false,
                  "isComplementarySponsored": false,
                  "complementarySponsoredBadgeText": null,
                  "productBadge": {
                    "badgeId": "PREPARED_IN_CANADA",
                    "badgeClass": "badge11",
                    "text": "Prepared in Canada",
                    "icon": {
                      "url": "https://dis-prod.assetful.loblaw.ca/content/dam/loblaw-companies-limited/creative-assets/pc-optimum/global-list/maple-leaf-red.png",
                      "altText": "",
                      "placement": "LEFT"
                    }
                  }
                },
                {
                  "index": 11,
                  "promotions": [],
                  "productId": "21105597_EA",
                  "productImage": [
                    {
                      "imageUrl": "https://digital.loblaws.ca/PCX/21105597_EA/en/1/21105597_enfr_front_v1_1200.png",
                      "thumbnailUrl": "https://digital.loblaws.ca/PCX/21105597_EA/en/1/21105597_enfr_front_v1_120.png",
                      "smallUrl": "https://digital.loblaws.ca/PCX/21105597_EA/en/1/21105597_enfr_front_v1_250.png",
                      "mediumUrl": "https://digital.loblaws.ca/PCX/21105597_EA/en/1/21105597_enfr_front_v1_400.png",
                      "largeUrl": "https://digital.loblaws.ca/PCX/21105597_EA/en/1/21105597_enfr_front_v1_800.png",
                      "extraLargeUrl": "https://digital.loblaws.ca/PCX/21105597_EA/en/1/21105597_enfr_front_v1_1200.png",
                      "smallRetinaUrl": "https://digital.loblaws.ca/PCX/21105597_EA/en/1/21105597_enfr_front_v1_250.png",
                      "mediumRetinaUrl": "https://digital.loblaws.ca/PCX/21105597_EA/en/1/21105597_enfr_front_v1_400.png",
                      "largeRetinaUrl": "https://digital.loblaws.ca/PCX/21105597_EA/en/1/21105597_enfr_front_v1_800.png"
                    }
                  ],
                  "brand": "President's Choice",
                  "title": "Deli Assortment Slices",
                  "description": "<p>Deli Assortment Slices feature oven-roasted turkey breast, traditional black forest ham, and oven-roasted chicken breast. Gluten-free and extra lean, these slices are perfect for sandwiches or charcuterie boards.</p>",
                  "packageSizing": "400 g, $3.13/100g",
                  "pricing": {
                    "price": "12.50",
                    "wasPrice": "$15.99",
                    "displayPrice": "$12.50",
                    "memberOnlyPrice": null,
                    "mopDisplayPrice": null,
                    "ehfTotal": null,
                    "environmentalHandlingFee": null,
                    "taxInfo": ""
                  },
                  "pricingUnits": {
                    "type": "SOLD_BY_EACH",
                    "unit": "ea",
                    "interval": 1,
                    "minOrderQuantity": 1,
                    "maxOrderQuantity": 24,
                    "weighted": false
                  },
                  "deal": {
                    "type": "SALE",
                    "text": "SAVE $3.49",
                    "points": 0,
                    "name": "SALE",
                    "expiryDate": "2026-01-14T00:00:00Z",
                    "dealPrice": null
                  },
                  "mopDeal": null,
                  "pcoDeal": null,
                  "inventoryIndicator": null,
                  "offerType": "OG",
                  "offerId": "OG",
                  "action": null,
                  "isVariant": false,
                  "link": "/en/deli-assortment-slices/p/21105597_EA",
                  "productVendor": null,
                  "productVariant": null,
                  "textBadge": "",
                  "variantTheme": null,
                  "articleNumber": "21105597",
                  "uom": "EA",
                  "sponsoredCreative": null,
                  "isSponsored": false,
                  "isComplementarySponsored": false,
                  "complementarySponsoredBadgeText": null,
                  "productBadge": {
                    "badgeId": "PREPARED_IN_CANADA",
                    "badgeClass": "badge11",
                    "text": "Prepared in Canada",
                    "icon": {
                      "url": "https://dis-prod.assetful.loblaw.ca/content/dam/loblaw-companies-limited/creative-assets/pc-optimum/global-list/maple-leaf-red.png",
                      "altText": "",
                      "placement": "LEFT"
                    }
                  }
                },
                {
                  "index": 12,
                  "promotions": [],
                  "productId": "20171171_EA",
                  "productImage": [
                    {
                      "imageUrl": "https://digital.loblaws.ca/PCX/20171171_EA/en/1/20171171_en_front_v1_1200.png",
                      "thumbnailUrl": "https://digital.loblaws.ca/PCX/20171171_EA/en/1/20171171_en_front_v1_120.png",
                      "smallUrl": "https://digital.loblaws.ca/PCX/20171171_EA/en/1/20171171_en_front_v1_250.png",
                      "mediumUrl": "https://digital.loblaws.ca/PCX/20171171_EA/en/1/20171171_en_front_v1_400.png",
                      "largeUrl": "https://digital.loblaws.ca/PCX/20171171_EA/en/1/20171171_en_front_v1_800.png",
                      "extraLargeUrl": "https://digital.loblaws.ca/PCX/20171171_EA/en/1/20171171_en_front_v1_1200.png",
                      "smallRetinaUrl": "https://digital.loblaws.ca/PCX/20171171_EA/en/1/20171171_en_front_v1_250.png",
                      "mediumRetinaUrl": "https://digital.loblaws.ca/PCX/20171171_EA/en/1/20171171_en_front_v1_400.png",
                      "largeRetinaUrl": "https://digital.loblaws.ca/PCX/20171171_EA/en/1/20171171_en_front_v1_800.png"
                    }
                  ],
                  "brand": "ACE",
                  "title": "White Baguette",
                  "description": "<p>Our ACE Bakery® White Baguette is baked on stone and boasts a crisp, golden crust and a fully developed flavour. Enjoy it on its own with a spread of butter or dip it in your favourite extra-virgin olive oil.</p><ul><li>Baked on stone</li><li>Made with carefully selected ingredients</li><li>Using starters with long fermentation</li></ul>",
                  "packageSizing": "350 g, $1.07/100g",
                  "pricing": {
                    "price": "3.75",
                    "wasPrice": null,
                    "displayPrice": "$3.75",
                    "memberOnlyPrice": null,
                    "mopDisplayPrice": null,
                    "ehfTotal": null,
                    "environmentalHandlingFee": null,
                    "taxInfo": ""
                  },
                  "pricingUnits": {
                    "type": "SOLD_BY_EACH",
                    "unit": "ea",
                    "interval": 1,
                    "minOrderQuantity": 1,
                    "maxOrderQuantity": 24,
                    "weighted": false
                  },
                  "deal": null,
                  "mopDeal": null,
                  "pcoDeal": null,
                  "inventoryIndicator": null,
                  "offerType": "OG",
                  "offerId": "OG",
                  "action": null,
                  "isVariant": false,
                  "link": "/en/white-baguette/p/20171171_EA",
                  "productVendor": null,
                  "productVariant": null,
                  "textBadge": "",
                  "variantTheme": null,
                  "articleNumber": "20171171",
                  "uom": "EA",
                  "sponsoredCreative": {
                    "adGroupId": "c10af62a-0f85-4ad4-9a6f-922ad6e4959c",
                    "campaignId": "75c8daf4-90a7-4bf6-bce4-ee3cb9f8aee0",
                    "placementId": "fdf076c0-aef1-4f4f-8a4b-c9c88ec1f7bb",
                    "encryptedCost": "2jEVYle/exVFPlH9t/YyiOr56REyUpWXuxlbcvlrocM=",
                    "creativeId": "6e2e7807-ad87-4460-b0e0-f23b2ba9fc0a",
                    "servingId": "1ceac810-fc35-49dc-b572-26ee44d858ed",
                    "keyword": "sliced turkey breast",
                    "targetedKeyword": "turkey breast",
                    "matchType": "PHRASE_MATCH",
                    "targetPageType": "SRP"
                  },
                  "isSponsored": true,
                  "isComplementarySponsored": true,
                  "complementarySponsoredBadgeText": "You might like",
                  "productBadge": {
                    "badgeId": "SPONSORED",
                    "badgeClass": null,
                    "text": "Sponsored",
                    "icon": null
                  }
                },
                {
                  "index": 13,
                  "promotions": [],
                  "productId": "21124833_KG",
                  "productImage": [
                    {
                      "imageUrl": "https://digital.loblaws.ca/PCX/21124833_KG/en/1/21124833_en_front_1200.png",
                      "thumbnailUrl": "https://digital.loblaws.ca/PCX/21124833_KG/en/1/21124833_en_front_120.png",
                      "smallUrl": "https://digital.loblaws.ca/PCX/21124833_KG/en/1/21124833_en_front_250.png",
                      "mediumUrl": "https://digital.loblaws.ca/PCX/21124833_KG/en/1/21124833_en_front_400.png",
                      "largeUrl": "https://digital.loblaws.ca/PCX/21124833_KG/en/1/21124833_en_front_800.png",
                      "extraLargeUrl": "https://digital.loblaws.ca/PCX/21124833_KG/en/1/21124833_en_front_1200.png",
                      "smallRetinaUrl": "https://digital.loblaws.ca/PCX/21124833_KG/en/1/21124833_en_front_250.png",
                      "mediumRetinaUrl": "https://digital.loblaws.ca/PCX/21124833_KG/en/1/21124833_en_front_400.png",
                      "largeRetinaUrl": "https://digital.loblaws.ca/PCX/21124833_KG/en/1/21124833_en_front_800.png"
                    }
                  ],
                  "brand": "President's Choice",
                  "title": "Free From Split Turkey Breast ",
                  "description": "<p>Bone-in and skin-on Free From Split Turkey Breast is best seasoned with herbs and roasted in the oven. Made from grain-fed turkey raised without the use of antibiotics, it's a great option for weekday dinner.</p>",
                  "packageSizing": "$18.72/1kg $8.49/1lb",
                  "pricing": {
                    "price": "14.45",
                    "wasPrice": null,
                    "displayPrice": "about $14.45",
                    "memberOnlyPrice": null,
                    "mopDisplayPrice": null,
                    "ehfTotal": null,
                    "environmentalHandlingFee": null,
                    "taxInfo": ""
                  },
                  "pricingUnits": {
                    "type": "SOLD_BY_EACH_PRICED_BY_WEIGHT",
                    "unit": "ea",
                    "interval": 1,
                    "minOrderQuantity": 1,
                    "maxOrderQuantity": 24,
                    "weighted": false
                  },
                  "deal": null,
                  "mopDeal": null,
                  "pcoDeal": null,
                  "inventoryIndicator": {
                    "indicatorId": "OUT",
                    "text": "Out of Stock"
                  },
                  "offerType": "OG",
                  "offerId": "OG",
                  "action": null,
                  "isVariant": false,
                  "link": "/en/free-from-split-turkey-breast/p/21124833_KG",
                  "productVendor": null,
                  "productVariant": null,
                  "textBadge": "out-of-stock",
                  "variantTheme": null,
                  "articleNumber": "21124833",
                  "uom": "KG",
                  "sponsoredCreative": null,
                  "isSponsored": false,
                  "isComplementarySponsored": false,
                  "complementarySponsoredBadgeText": null,
                  "productBadge": {
                    "badgeId": "PREPARED_IN_CANADA",
                    "badgeClass": "badge11",
                    "text": "Prepared in Canada",
                    "icon": {
                      "url": "https://dis-prod.assetful.loblaw.ca/content/dam/loblaw-companies-limited/creative-assets/pc-optimum/global-list/maple-leaf-red.png",
                      "altText": "",
                      "placement": "LEFT"
                    }
                  }
                },
                {
                  "index": 14,
                  "promotions": [],
                  "productId": "20118153_EA",
                  "productImage": [
                    {
                      "imageUrl": "https://digital.loblaws.ca/PCX/20118153_EA/en/1/20118153_en_front_v4_1200.png",
                      "thumbnailUrl": "https://digital.loblaws.ca/PCX/20118153_EA/en/1/20118153_en_front_v4_120.png",
                      "smallUrl": "https://digital.loblaws.ca/PCX/20118153_EA/en/1/20118153_en_front_v4_250.png",
                      "mediumUrl": "https://digital.loblaws.ca/PCX/20118153_EA/en/1/20118153_en_front_v4_400.png",
                      "largeUrl": "https://digital.loblaws.ca/PCX/20118153_EA/en/1/20118153_en_front_v4_800.png",
                      "extraLargeUrl": "https://digital.loblaws.ca/PCX/20118153_EA/en/1/20118153_en_front_v4_1200.png",
                      "smallRetinaUrl": "https://digital.loblaws.ca/PCX/20118153_EA/en/1/20118153_en_front_v4_250.png",
                      "mediumRetinaUrl": "https://digital.loblaws.ca/PCX/20118153_EA/en/1/20118153_en_front_v4_400.png",
                      "largeRetinaUrl": "https://digital.loblaws.ca/PCX/20118153_EA/en/1/20118153_en_front_v4_800.png"
                    }
                  ],
                  "brand": "ACE",
                  "title": "White Demi Baguette",
                  "description": "<p>Our ACE Bakery® White Demi-Baguette is baked on stone and boasts a crisp, golden crust and a fully developed creamy flavour. Enjoy it on its own with a spread of butter or dip it in your favourite extra-virgin olive oil. Cuite sur pierre, la demi-baguette blanche de la boulangerie ACEMD possède une croûte dorée croustillante et un goût crémeux pleinement développé. Savourez-la telle quelle, tartinée de beurre, ou trempez-la dans votre huile d'olive vierge extra préférée.</p><ul><li>Baked on stone</li><li>Made with carefully selected ingredients</li><li>Using Starters with long fermentation</li><li>Freshly baked</li></ul>",
                  "packageSizing": "200 g, $1.63/100g",
                  "pricing": {
                    "price": "3.25",
                    "wasPrice": null,
                    "displayPrice": "$3.25",
                    "memberOnlyPrice": null,
                    "mopDisplayPrice": null,
                    "ehfTotal": null,
                    "environmentalHandlingFee": null,
                    "taxInfo": ""
                  },
                  "pricingUnits": {
                    "type": "SOLD_BY_EACH",
                    "unit": "ea",
                    "interval": 1,
                    "minOrderQuantity": 1,
                    "maxOrderQuantity": 24,
                    "weighted": false
                  },
                  "deal": null,
                  "mopDeal": null,
                  "pcoDeal": null,
                  "inventoryIndicator": null,
                  "offerType": "OG",
                  "offerId": "OG",
                  "action": null,
                  "isVariant": false,
                  "link": "/en/white-demi-baguette/p/20118153_EA",
                  "productVendor": null,
                  "productVariant": null,
                  "textBadge": "",
                  "variantTheme": null,
                  "articleNumber": "20118153",
                  "uom": "EA",
                  "sponsoredCreative": {
                    "adGroupId": "c10af62a-0f85-4ad4-9a6f-922ad6e4959c",
                    "campaignId": "75c8daf4-90a7-4bf6-bce4-ee3cb9f8aee0",
                    "placementId": "fdf076c0-aef1-4f4f-8a4b-c9c88ec1f7bb",
                    "encryptedCost": "Xa8Ya22Sluo1zhWICmdLEWnIZI+e5UYxhkjyg1+rTQ8=",
                    "creativeId": "e635026e-658c-4f9f-83fa-51b882bdffa0",
                    "servingId": "1ceac810-fc35-49dc-b572-26ee44d858ed",
                    "keyword": "sliced turkey breast",
                    "targetedKeyword": "turkey breast",
                    "matchType": "PHRASE_MATCH",
                    "targetPageType": "SRP"
                  },
                  "isSponsored": true,
                  "isComplementarySponsored": true,
                  "complementarySponsoredBadgeText": "You might like",
                  "productBadge": {
                    "badgeId": "SPONSORED",
                    "badgeClass": null,
                    "text": "Sponsored",
                    "icon": null
                  }
                },
                {
                  "index": 15,
                  "promotions": [],
                  "productId": "21590285_EA",
                  "productImage": [
                    {
                      "imageUrl": "https://digital.loblaws.ca/PCX/21590285_EA/en/1/21590285_enfr_front_1200.png",
                      "thumbnailUrl": "https://digital.loblaws.ca/PCX/21590285_EA/en/1/21590285_enfr_front_120.png",
                      "smallUrl": "https://digital.loblaws.ca/PCX/21590285_EA/en/1/21590285_enfr_front_250.png",
                      "mediumUrl": "https://digital.loblaws.ca/PCX/21590285_EA/en/1/21590285_enfr_front_400.png",
                      "largeUrl": "https://digital.loblaws.ca/PCX/21590285_EA/en/1/21590285_enfr_front_800.png",
                      "extraLargeUrl": "https://digital.loblaws.ca/PCX/21590285_EA/en/1/21590285_enfr_front_1200.png",
                      "smallRetinaUrl": "https://digital.loblaws.ca/PCX/21590285_EA/en/1/21590285_enfr_front_250.png",
                      "mediumRetinaUrl": "https://digital.loblaws.ca/PCX/21590285_EA/en/1/21590285_enfr_front_400.png",
                      "largeRetinaUrl": "https://digital.loblaws.ca/PCX/21590285_EA/en/1/21590285_enfr_front_800.png"
                    }
                  ],
                  "brand": "Ziggy's",
                  "title": "Cooked Turkey Breast Slices",
                  "description": "<p><p>Already cooked for your convenience, Cooked Turkey Breast Slices have a mild sweet and savoury flavour. Extra lean with 17% meat protein, these slices taste great on a kaiser bun with tomato, lettuce, and cheese.</p></p>",
                  "packageSizing": "175 g, $2.00/100g",
                  "pricing": {
                    "price": "3.50",
                    "wasPrice": null,
                    "displayPrice": "$3.50",
                    "memberOnlyPrice": null,
                    "mopDisplayPrice": null,
                    "ehfTotal": null,
                    "environmentalHandlingFee": null,
                    "taxInfo": ""
                  },
                  "pricingUnits": {
                    "type": "SOLD_BY_EACH",
                    "unit": "ea",
                    "interval": 1,
                    "minOrderQuantity": 1,
                    "maxOrderQuantity": 24,
                    "weighted": false
                  },
                  "deal": null,
                  "mopDeal": null,
                  "pcoDeal": null,
                  "inventoryIndicator": null,
                  "offerType": "OG",
                  "offerId": "OG",
                  "action": null,
                  "isVariant": false,
                  "link": "/en/cooked-turkey-breast-slices/p/21590285_EA",
                  "productVendor": null,
                  "productVariant": null,
                  "textBadge": "",
                  "variantTheme": null,
                  "articleNumber": "21590285",
                  "uom": "EA",
                  "sponsoredCreative": null,
                  "isSponsored": false,
                  "isComplementarySponsored": false,
                  "complementarySponsoredBadgeText": null,
                  "productBadge": {
                    "badgeId": "PREPARED_IN_CANADA",
                    "badgeClass": "badge11",
                    "text": "Prepared in Canada",
                    "icon": {
                      "url": "https://dis-prod.assetful.loblaw.ca/content/dam/loblaw-companies-limited/creative-assets/pc-optimum/global-list/maple-leaf-red.png",
                      "altText": "",
                      "placement": "LEFT"
                    }
                  }
                }
              ],
              "button1": null,
              "headerGroup": null,
              "productTileType": null
            },
            "isSSR": true
          },
          {
            "componentId": "mediaShoppableDisplayComponent",
            "contentId": "2pJjosOkQBNfIzj03B3dyC-1",
            "variantId": null,
            "id": "2pJjosOkQBNfIzj03B3dyC-1",
            "position": 7,
            "data": {
              "mediaConfiguration": {
                "title": null,
                "adUnitType": "SHOPPABLE_DISPLAY",
                "adSizesMobile": [
                  "default"
                ],
                "adSizesTablet": [
                  "default"
                ],
                "adSizesDesktop": [
                  "default"
                ],
                "refreshTimer": 0,
                "lazyLoad": true,
                "lazyLoadingTriggerThreshold": 50,
                "position": "2",
                "searchTerm": "sliced turkey breast",
                "customData": {
                  "feedbackOptions": {
                    "form_id_iOS": "5112",
                    "form_id_web": "",
                    "form_id_android": "5160"
                  },
                  "reservedPlacementId": "{platform}:PCX:SRP:SHOPPABLE_DISPLAY:2",
                  "rmp.category_path": ""
                },
                "pageType": "SRP",
                "excludedProductIds": null
              }
            },
            "isSSR": true
          },
          {
            "componentId": "productGridComponent",
            "contentId": "6atKIMngFtGlCRtqtvjrXq-2",
            "variantId": null,
            "id": "6atKIMngFtGlCRtqtvjrXq-1-2-2",
            "position": 8,
            "data": {
              "pagination": {
                "pageNumber": 1,
                "pageSize": 48,
                "hasMore": true,
                "isLast": true,
                "totalResults": 81
              },
              "productTiles": [
                {
                  "index": 16,
                  "promotions": [],
                  "productId": "20189619_KG",
                  "productImage": [
                    {
                      "imageUrl": "https://digital.loblaws.ca/PCX/20189619_KG/en/1/20189619_en_front_1200.png",
                      "thumbnailUrl": "https://digital.loblaws.ca/PCX/20189619_KG/en/1/20189619_en_front_120.png",
                      "smallUrl": "https://digital.loblaws.ca/PCX/20189619_KG/en/1/20189619_en_front_250.png",
                      "mediumUrl": "https://digital.loblaws.ca/PCX/20189619_KG/en/1/20189619_en_front_400.png",
                      "largeUrl": "https://digital.loblaws.ca/PCX/20189619_KG/en/1/20189619_en_front_800.png",
                      "extraLargeUrl": "https://digital.loblaws.ca/PCX/20189619_KG/en/1/20189619_en_front_1200.png",
                      "smallRetinaUrl": "https://digital.loblaws.ca/PCX/20189619_KG/en/1/20189619_en_front_250.png",
                      "mediumRetinaUrl": "https://digital.loblaws.ca/PCX/20189619_KG/en/1/20189619_en_front_400.png",
                      "largeRetinaUrl": "https://digital.loblaws.ca/PCX/20189619_KG/en/1/20189619_en_front_800.png"
                    }
                  ],
                  "brand": "President's Choice",
                  "title": "Turkey Breast, Honey Maple (Thin Sliced)",
                  "description": "Extra lean, fully cooked turkey breast. No preservatives, artificial flavours or colours. Thinly sliced for easy separation.</p><p>Allergen Alert : We cannot guarantee that any items have not come into contact with Peanuts, Tree nuts, Milk, Fish, Crustacean, Shellfish, Egg, Soy, Sesame, Wheat Mustard, Sulphites.</p>",
                  "packageSizing": "$42.90/1kg $19.46/1lb",
                  "pricing": {
                    "price": "4.29",
                    "wasPrice": null,
                    "displayPrice": "$4.29",
                    "memberOnlyPrice": null,
                    "mopDisplayPrice": null,
                    "ehfTotal": null,
                    "environmentalHandlingFee": null,
                    "taxInfo": ""
                  },
                  "pricingUnits": {
                    "type": "SOLD_BY_WEIGHT",
                    "unit": "g",
                    "interval": 100,
                    "minOrderQuantity": 100,
                    "maxOrderQuantity": 999,
                    "weighted": true
                  },
                  "deal": null,
                  "mopDeal": null,
                  "pcoDeal": null,
                  "inventoryIndicator": null,
                  "offerType": "OG",
                  "offerId": "OG",
                  "action": null,
                  "isVariant": false,
                  "link": "/en/turkey-breast-honey-maple-thin-sliced/p/20189619_KG",
                  "productVendor": null,
                  "productVariant": null,
                  "textBadge": "",
                  "variantTheme": null,
                  "articleNumber": "20189619",
                  "uom": "KG",
                  "sponsoredCreative": null,
                  "isSponsored": false,
                  "isComplementarySponsored": false,
                  "complementarySponsoredBadgeText": null,
                  "productBadge": {
                    "badgeId": "PREPARED_IN_CANADA",
                    "badgeClass": "badge11",
                    "text": "Prepared in Canada",
                    "icon": {
                      "url": "https://dis-prod.assetful.loblaw.ca/content/dam/loblaw-companies-limited/creative-assets/pc-optimum/global-list/maple-leaf-red.png",
                      "altText": "",
                      "placement": "LEFT"
                    }
                  }
                },
                {
                  "index": 17,
                  "promotions": [
                    {
                      "type": "LOYALTY",
                      "quantity": null,
                      "savings": 1000,
                      "value": null,
                      "promoCode": "2602200188857200005",
                      "expiryDate": "2026-01-14T23:59:59Z",
                      "title": "PC Optimum Offer",
                      "promoType": "0001",
                      "pricingMethod": null,
                      "text": "PC Optimum Points",
                      "reward": "1000PC Optimum Points",
                      "callToAction": null
                    }
                  ],
                  "productId": "20326202_EA",
                  "productImage": [
                    {
                      "imageUrl": "https://digital.loblaws.ca/PCX/20326202_EA/en/1/20326202_en_front_1200.png",
                      "thumbnailUrl": "https://digital.loblaws.ca/PCX/20326202_EA/en/1/20326202_en_front_120.png",
                      "smallUrl": "https://digital.loblaws.ca/PCX/20326202_EA/en/1/20326202_en_front_250.png",
                      "mediumUrl": "https://digital.loblaws.ca/PCX/20326202_EA/en/1/20326202_en_front_400.png",
                      "largeUrl": "https://digital.loblaws.ca/PCX/20326202_EA/en/1/20326202_en_front_800.png",
                      "extraLargeUrl": "https://digital.loblaws.ca/PCX/20326202_EA/en/1/20326202_en_front_1200.png",
                      "smallRetinaUrl": "https://digital.loblaws.ca/PCX/20326202_EA/en/1/20326202_en_front_250.png",
                      "mediumRetinaUrl": "https://digital.loblaws.ca/PCX/20326202_EA/en/1/20326202_en_front_400.png",
                      "largeRetinaUrl": "https://digital.loblaws.ca/PCX/20326202_EA/en/1/20326202_en_front_800.png"
                    }
                  ],
                  "brand": "President's Choice",
                  "title": "Oven Roasted Turkey Breast",
                  "description": "Fully-cooked and extra-lean, this oven-roasted turkey breast is made with turkey and natural ingredients. The mouth-watering flavour will bring some excitement back to everyday sandwiches and wraps. Also delicious rolled in crepes, or chopped and tossed in pasta dishes, casseroles and other recipes. No added nitrites or preservatives. Except for those naturally occurring in the ingredients.",
                  "packageSizing": "175 g, $40.00/1kg $4.00/100g",
                  "pricing": {
                    "price": "7.00",
                    "wasPrice": "$7.79",
                    "displayPrice": "$7.00",
                    "memberOnlyPrice": null,
                    "mopDisplayPrice": null,
                    "ehfTotal": null,
                    "environmentalHandlingFee": null,
                    "taxInfo": ""
                  },
                  "pricingUnits": {
                    "type": "SOLD_BY_EACH",
                    "unit": "ea",
                    "interval": 1,
                    "minOrderQuantity": 1,
                    "maxOrderQuantity": 24,
                    "weighted": false
                  },
                  "deal": {
                    "type": "SALE",
                    "text": "SAVE $0.79",
                    "points": 0,
                    "name": "SALE",
                    "expiryDate": "2026-01-14T00:00:00Z",
                    "dealPrice": null
                  },
                  "mopDeal": null,
                  "pcoDeal": "1,000 PC Optimum Points",
                  "inventoryIndicator": null,
                  "offerType": "OG",
                  "offerId": "OG",
                  "action": null,
                  "isVariant": false,
                  "link": "/en/oven-roasted-turkey-breast/p/20326202_EA",
                  "productVendor": null,
                  "productVariant": null,
                  "textBadge": "pco-optimum",
                  "variantTheme": null,
                  "articleNumber": "20326202",
                  "uom": "EA",
                  "sponsoredCreative": null,
                  "isSponsored": false,
                  "isComplementarySponsored": false,
                  "complementarySponsoredBadgeText": null,
                  "productBadge": {
                    "badgeId": "PREPARED_IN_CANADA",
                    "badgeClass": "badge11",
                    "text": "Prepared in Canada",
                    "icon": {
                      "url": "https://dis-prod.assetful.loblaw.ca/content/dam/loblaw-companies-limited/creative-assets/pc-optimum/global-list/maple-leaf-red.png",
                      "altText": "",
                      "placement": "LEFT"
                    }
                  }
                },
                {
                  "index": 18,
                  "promotions": [],
                  "productId": "20682966_EA",
                  "productImage": [
                    {
                      "imageUrl": "https://digital.loblaws.ca/PCX/20682966_EA/en/1/20682966_en_front_1200.png",
                      "thumbnailUrl": "https://digital.loblaws.ca/PCX/20682966_EA/en/1/20682966_en_front_120.png",
                      "smallUrl": "https://digital.loblaws.ca/PCX/20682966_EA/en/1/20682966_en_front_250.png",
                      "mediumUrl": "https://digital.loblaws.ca/PCX/20682966_EA/en/1/20682966_en_front_400.png",
                      "largeUrl": "https://digital.loblaws.ca/PCX/20682966_EA/en/1/20682966_en_front_800.png",
                      "extraLargeUrl": "https://digital.loblaws.ca/PCX/20682966_EA/en/1/20682966_en_front_1200.png",
                      "smallRetinaUrl": "https://digital.loblaws.ca/PCX/20682966_EA/en/1/20682966_en_front_250.png",
                      "mediumRetinaUrl": "https://digital.loblaws.ca/PCX/20682966_EA/en/1/20682966_en_front_400.png",
                      "largeRetinaUrl": "https://digital.loblaws.ca/PCX/20682966_EA/en/1/20682966_en_front_800.png"
                    }
                  ],
                  "brand": "President's Choice",
                  "title": "Free From Turkey",
                  "description": "A go-to for bagged lunches and essential for classic club sandwiches, this delicious oven-roasted turkey breast will appeal to everyone in the family. Made from grain-fed turkey raised without the use of antibiotics or hormones*, it’s a great option brought to you with the help of our Canadian farmers. ",
                  "packageSizing": "175 g, $45.66/1kg $4.57/100g",
                  "pricing": {
                    "price": "7.99",
                    "wasPrice": null,
                    "displayPrice": "$7.99",
                    "memberOnlyPrice": null,
                    "mopDisplayPrice": null,
                    "ehfTotal": null,
                    "environmentalHandlingFee": null,
                    "taxInfo": ""
                  },
                  "pricingUnits": {
                    "type": "SOLD_BY_EACH",
                    "unit": "ea",
                    "interval": 1,
                    "minOrderQuantity": 1,
                    "maxOrderQuantity": 24,
                    "weighted": false
                  },
                  "deal": null,
                  "mopDeal": null,
                  "pcoDeal": null,
                  "inventoryIndicator": null,
                  "offerType": "OG",
                  "offerId": "OG",
                  "action": null,
                  "isVariant": false,
                  "link": "/en/free-from-turkey/p/20682966_EA",
                  "productVendor": null,
                  "productVariant": null,
                  "textBadge": "",
                  "variantTheme": null,
                  "articleNumber": "20682966",
                  "uom": "EA",
                  "sponsoredCreative": null,
                  "isSponsored": false,
                  "isComplementarySponsored": false,
                  "complementarySponsoredBadgeText": null,
                  "productBadge": {
                    "badgeId": "PREPARED_IN_CANADA",
                    "badgeClass": "badge11",
                    "text": "Prepared in Canada",
                    "icon": {
                      "url": "https://dis-prod.assetful.loblaw.ca/content/dam/loblaw-companies-limited/creative-assets/pc-optimum/global-list/maple-leaf-red.png",
                      "altText": "",
                      "placement": "LEFT"
                    }
                  }
                },
                {
                  "index": 19,
                  "promotions": [],
                  "productId": "21124845_KG",
                  "productImage": [
                    {
                      "imageUrl": "https://digital.loblaws.ca/PCX/21124845_KG/en/1/21124845_en_front_1200.png",
                      "thumbnailUrl": "https://digital.loblaws.ca/PCX/21124845_KG/en/1/21124845_en_front_120.png",
                      "smallUrl": "https://digital.loblaws.ca/PCX/21124845_KG/en/1/21124845_en_front_250.png",
                      "mediumUrl": "https://digital.loblaws.ca/PCX/21124845_KG/en/1/21124845_en_front_400.png",
                      "largeUrl": "https://digital.loblaws.ca/PCX/21124845_KG/en/1/21124845_en_front_800.png",
                      "extraLargeUrl": "https://digital.loblaws.ca/PCX/21124845_KG/en/1/21124845_en_front_1200.png",
                      "smallRetinaUrl": "https://digital.loblaws.ca/PCX/21124845_KG/en/1/21124845_en_front_250.png",
                      "mediumRetinaUrl": "https://digital.loblaws.ca/PCX/21124845_KG/en/1/21124845_en_front_400.png",
                      "largeRetinaUrl": "https://digital.loblaws.ca/PCX/21124845_KG/en/1/21124845_en_front_800.png"
                    }
                  ],
                  "brand": "President's Choice",
                  "title": "Free From Boneless Skinless Turkey Breast",
                  "description": "<p>Free From Boneless Skinless Turkey Breast is specially selected and trimmed. This turkey is grain-fed and raised by Canadian farmers, without antibiotics.</p>",
                  "packageSizing": "$25.99/1kg $11.79/1lb",
                  "pricing": {
                    "price": "10.14",
                    "wasPrice": null,
                    "displayPrice": "about $10.14",
                    "memberOnlyPrice": null,
                    "mopDisplayPrice": null,
                    "ehfTotal": null,
                    "environmentalHandlingFee": null,
                    "taxInfo": ""
                  },
                  "pricingUnits": {
                    "type": "SOLD_BY_EACH_PRICED_BY_WEIGHT",
                    "unit": "ea",
                    "interval": 1,
                    "minOrderQuantity": 1,
                    "maxOrderQuantity": 24,
                    "weighted": false
                  },
                  "deal": null,
                  "mopDeal": null,
                  "pcoDeal": null,
                  "inventoryIndicator": {
                    "indicatorId": "OUT",
                    "text": "Out of Stock"
                  },
                  "offerType": "OG",
                  "offerId": "OG",
                  "action": null,
                  "isVariant": false,
                  "link": "/en/free-from-boneless-skinless-turkey-breast/p/21124845_KG",
                  "productVendor": null,
                  "productVariant": null,
                  "textBadge": "out-of-stock",
                  "variantTheme": null,
                  "articleNumber": "21124845",
                  "uom": "KG",
                  "sponsoredCreative": null,
                  "isSponsored": false,
                  "isComplementarySponsored": false,
                  "complementarySponsoredBadgeText": null,
                  "productBadge": {
                    "badgeId": "PREPARED_IN_CANADA",
                    "badgeClass": "badge11",
                    "text": "Prepared in Canada",
                    "icon": {
                      "url": "https://dis-prod.assetful.loblaw.ca/content/dam/loblaw-companies-limited/creative-assets/pc-optimum/global-list/maple-leaf-red.png",
                      "altText": "",
                      "placement": "LEFT"
                    }
                  }
                },
                {
                  "index": 20,
                  "promotions": [],
                  "productId": "20787399_EA",
                  "productImage": [
                    {
                      "imageUrl": "https://digital.loblaws.ca/PCX/20787399_EA/en/1/6038313186_enfr_front_centre_marketing_GS1_Ecommerce_1200.png",
                      "thumbnailUrl": "https://digital.loblaws.ca/PCX/20787399_EA/en/1/6038313186_enfr_front_centre_marketing_GS1_Ecommerce_120.png",
                      "smallUrl": "https://digital.loblaws.ca/PCX/20787399_EA/en/1/6038313186_enfr_front_centre_marketing_GS1_Ecommerce_250.png",
                      "mediumUrl": "https://digital.loblaws.ca/PCX/20787399_EA/en/1/6038313186_enfr_front_centre_marketing_GS1_Ecommerce_400.png",
                      "largeUrl": "https://digital.loblaws.ca/PCX/20787399_EA/en/1/6038313186_enfr_front_centre_marketing_GS1_Ecommerce_800.png",
                      "extraLargeUrl": "https://digital.loblaws.ca/PCX/20787399_EA/en/1/6038313186_enfr_front_centre_marketing_GS1_Ecommerce_1200.png",
                      "smallRetinaUrl": "https://digital.loblaws.ca/PCX/20787399_EA/en/1/6038313186_enfr_front_centre_marketing_GS1_Ecommerce_250.png",
                      "mediumRetinaUrl": "https://digital.loblaws.ca/PCX/20787399_EA/en/1/6038313186_enfr_front_centre_marketing_GS1_Ecommerce_400.png",
                      "largeRetinaUrl": "https://digital.loblaws.ca/PCX/20787399_EA/en/1/6038313186_enfr_front_centre_marketing_GS1_Ecommerce_800.png"
                    }
                  ],
                  "brand": "President's Choice",
                  "title": "Turkey Breast Strips",
                  "description": "Our fully cooked turkey breast strips make salads, sandwiches, soups, pasta and wraps so much easier. Firm yet juicy, they’re made with 100% white meat and cooked over an open flame for fire-roasted flavour and golden brown colour. Super as is or warmed up. No added nitrites.",
                  "packageSizing": "300 g, $46.67/1kg $4.67/100g",
                  "pricing": {
                    "price": "14.00",
                    "wasPrice": null,
                    "displayPrice": "$14.00",
                    "memberOnlyPrice": null,
                    "mopDisplayPrice": null,
                    "ehfTotal": null,
                    "environmentalHandlingFee": null,
                    "taxInfo": ""
                  },
                  "pricingUnits": {
                    "type": "SOLD_BY_EACH",
                    "unit": "ea",
                    "interval": 1,
                    "minOrderQuantity": 1,
                    "maxOrderQuantity": 24,
                    "weighted": false
                  },
                  "deal": null,
                  "mopDeal": null,
                  "pcoDeal": null,
                  "inventoryIndicator": null,
                  "offerType": "OG",
                  "offerId": "OG",
                  "action": null,
                  "isVariant": false,
                  "link": "/en/turkey-breast-strips/p/20787399_EA",
                  "productVendor": null,
                  "productVariant": null,
                  "textBadge": "",
                  "variantTheme": null,
                  "articleNumber": "20787399",
                  "uom": "EA",
                  "sponsoredCreative": null,
                  "isSponsored": false,
                  "isComplementarySponsored": false,
                  "complementarySponsoredBadgeText": null,
                  "productBadge": {
                    "badgeId": "PREPARED_IN_CANADA",
                    "badgeClass": "badge11",
                    "text": "Prepared in Canada",
                    "icon": {
                      "url": "https://dis-prod.assetful.loblaw.ca/content/dam/loblaw-companies-limited/creative-assets/pc-optimum/global-list/maple-leaf-red.png",
                      "altText": "",
                      "placement": "LEFT"
                    }
                  }
                },
                {
                  "index": 21,
                  "promotions": [],
                  "productId": "21478011_EA",
                  "productImage": [
                    {
                      "imageUrl": "https://digital.loblaws.ca/PCX/21478011_EA/en/1/21478011_en_front_1200.png",
                      "thumbnailUrl": "https://digital.loblaws.ca/PCX/21478011_EA/en/1/21478011_en_front_120.png",
                      "smallUrl": "https://digital.loblaws.ca/PCX/21478011_EA/en/1/21478011_en_front_250.png",
                      "mediumUrl": "https://digital.loblaws.ca/PCX/21478011_EA/en/1/21478011_en_front_400.png",
                      "largeUrl": "https://digital.loblaws.ca/PCX/21478011_EA/en/1/21478011_en_front_800.png",
                      "extraLargeUrl": "https://digital.loblaws.ca/PCX/21478011_EA/en/1/21478011_en_front_1200.png",
                      "smallRetinaUrl": "https://digital.loblaws.ca/PCX/21478011_EA/en/1/21478011_en_front_250.png",
                      "mediumRetinaUrl": "https://digital.loblaws.ca/PCX/21478011_EA/en/1/21478011_en_front_400.png",
                      "largeRetinaUrl": "https://digital.loblaws.ca/PCX/21478011_EA/en/1/21478011_en_front_800.png"
                    }
                  ],
                  "brand": "Maple Leaf",
                  "title": "Natural Selections Shaved Deli Turkey Breast, Hickory Smoked, Family Size",
                  "description": "<p>Create a delicious sandwich or wrap with Maple Leaf® Natural Selections® Shaved Hickory Smoked Turkey Breast. Made with natural ingredients and modified vinegar, these fresh shaved turkey slices are hickory smoked for flavour the whole family will love. The convenient resealable package ensures the deli meat stays fresh. Made for families, the Maple Leaf® brand offers premium meat using real, simple, ingredients with no artificial flavours, colours, or sweeteners. Dedicated to providing wholesome, real food for Canadians for generations to come, Maple Leaf® is the first major food company in the world to become carbon neutral. Join them in their commitment to build a more sustainable planet.</p><ul><li>FAMILY SIZE: Resealable family-size package makes it easy to craft delicious sandwiches for the whole family</li><li>PREMIUM CUTS: The Maple Leaf® brand uses only our quality cuts of turkey breast to create this shaved sandwich meat</li><li>SMOKED WITH HICKORY: Deli meat is hickory smoked for flavour the whole family will love</li><li>SEASONED JUST RIGHT: Turkey slices are seasoned with natural ingredients and modified vinegar</li><li>MADE BY A CARBON NEUTRAL COMPANY: Maple Leaf® products are made by a company that has been carbon neutral since 2019. Learn more about their commitment to carbon neutrality at mapleleaf.ca/carbonneutral</li></ul>",
                  "packageSizing": "375 g, $3.86/100g",
                  "pricing": {
                    "price": "14.49",
                    "wasPrice": null,
                    "displayPrice": "$14.49",
                    "memberOnlyPrice": null,
                    "mopDisplayPrice": null,
                    "ehfTotal": null,
                    "environmentalHandlingFee": null,
                    "taxInfo": ""
                  },
                  "pricingUnits": {
                    "type": "SOLD_BY_EACH",
                    "unit": "ea",
                    "interval": 1,
                    "minOrderQuantity": 1,
                    "maxOrderQuantity": 25,
                    "weighted": false
                  },
                  "deal": null,
                  "mopDeal": null,
                  "pcoDeal": null,
                  "inventoryIndicator": null,
                  "offerType": "OG",
                  "offerId": "OG",
                  "action": null,
                  "isVariant": false,
                  "link": "/en/natural-selections-shaved-deli-turkey-breast-hicko/p/21478011_EA",
                  "productVendor": null,
                  "productVariant": null,
                  "textBadge": "",
                  "variantTheme": null,
                  "articleNumber": "21478011",
                  "uom": "EA",
                  "sponsoredCreative": null,
                  "isSponsored": false,
                  "isComplementarySponsored": false,
                  "complementarySponsoredBadgeText": null,
                  "productBadge": {
                    "badgeId": "PREPARED_IN_CANADA",
                    "badgeClass": "badge11",
                    "text": "Prepared in Canada",
                    "icon": {
                      "url": "https://dis-prod.assetful.loblaw.ca/content/dam/loblaw-companies-limited/creative-assets/pc-optimum/global-list/maple-leaf-red.png",
                      "altText": "",
                      "placement": "LEFT"
                    }
                  }
                },
                {
                  "index": 22,
                  "promotions": [],
                  "productId": "20662015_EA",
                  "productImage": [
                    {
                      "imageUrl": "https://digital.loblaws.ca/PCX/20662015_EA/en/1/7740012433_enfr_front_centre_marketing_1_GS1_Ecommerce_1200.png",
                      "thumbnailUrl": "https://digital.loblaws.ca/PCX/20662015_EA/en/1/7740012433_enfr_front_centre_marketing_1_GS1_Ecommerce_120.png",
                      "smallUrl": "https://digital.loblaws.ca/PCX/20662015_EA/en/1/7740012433_enfr_front_centre_marketing_1_GS1_Ecommerce_250.png",
                      "mediumUrl": "https://digital.loblaws.ca/PCX/20662015_EA/en/1/7740012433_enfr_front_centre_marketing_1_GS1_Ecommerce_400.png",
                      "largeUrl": "https://digital.loblaws.ca/PCX/20662015_EA/en/1/7740012433_enfr_front_centre_marketing_1_GS1_Ecommerce_800.png",
                      "extraLargeUrl": "https://digital.loblaws.ca/PCX/20662015_EA/en/1/7740012433_enfr_front_centre_marketing_1_GS1_Ecommerce_1200.png",
                      "smallRetinaUrl": "https://digital.loblaws.ca/PCX/20662015_EA/en/1/7740012433_enfr_front_centre_marketing_1_GS1_Ecommerce_250.png",
                      "mediumRetinaUrl": "https://digital.loblaws.ca/PCX/20662015_EA/en/1/7740012433_enfr_front_centre_marketing_1_GS1_Ecommerce_400.png",
                      "largeRetinaUrl": "https://digital.loblaws.ca/PCX/20662015_EA/en/1/7740012433_enfr_front_centre_marketing_1_GS1_Ecommerce_800.png"
                    }
                  ],
                  "brand": "Carl Buddig",
                  "title": "Turkey, Sliced",
                  "description": "Turkey is a flavourful, lean white meat. As a cold cut, it makes for a great sandwich filling. Try it on a bun with lettuce, tomatoes, and mayonnaise.",
                  "packageSizing": "55 g, $45.45/1kg $4.55/100g",
                  "pricing": {
                    "price": "2.50",
                    "wasPrice": null,
                    "displayPrice": "$2.50",
                    "memberOnlyPrice": null,
                    "mopDisplayPrice": null,
                    "ehfTotal": null,
                    "environmentalHandlingFee": null,
                    "taxInfo": ""
                  },
                  "pricingUnits": {
                    "type": "SOLD_BY_EACH",
                    "unit": "ea",
                    "interval": 1,
                    "minOrderQuantity": 1,
                    "maxOrderQuantity": 24,
                    "weighted": false
                  },
                  "deal": null,
                  "mopDeal": null,
                  "pcoDeal": null,
                  "inventoryIndicator": null,
                  "offerType": "OG",
                  "offerId": "OG",
                  "action": null,
                  "isVariant": false,
                  "link": "/en/turkey-sliced/p/20662015_EA",
                  "productVendor": null,
                  "productVariant": null,
                  "textBadge": "",
                  "variantTheme": null,
                  "articleNumber": "20662015",
                  "uom": "EA",
                  "sponsoredCreative": null,
                  "isSponsored": false,
                  "isComplementarySponsored": false,
                  "complementarySponsoredBadgeText": null,
                  "productBadge": null
                },
                {
                  "index": 23,
                  "promotions": [],
                  "productId": "20324673_KG",
                  "productImage": [
                    {
                      "imageUrl": "https://digital.loblaws.ca/PCX/20324673_KG/en/1/20324673_en_front_1200.png",
                      "thumbnailUrl": "https://digital.loblaws.ca/PCX/20324673_KG/en/1/20324673_en_front_120.png",
                      "smallUrl": "https://digital.loblaws.ca/PCX/20324673_KG/en/1/20324673_en_front_250.png",
                      "mediumUrl": "https://digital.loblaws.ca/PCX/20324673_KG/en/1/20324673_en_front_400.png",
                      "largeUrl": "https://digital.loblaws.ca/PCX/20324673_KG/en/1/20324673_en_front_800.png",
                      "extraLargeUrl": "https://digital.loblaws.ca/PCX/20324673_KG/en/1/20324673_en_front_1200.png",
                      "smallRetinaUrl": "https://digital.loblaws.ca/PCX/20324673_KG/en/1/20324673_en_front_250.png",
                      "mediumRetinaUrl": "https://digital.loblaws.ca/PCX/20324673_KG/en/1/20324673_en_front_400.png",
                      "largeRetinaUrl": "https://digital.loblaws.ca/PCX/20324673_KG/en/1/20324673_en_front_800.png"
                    }
                  ],
                  "brand": "Ziggy's",
                  "title": "Extra Lean Smoked Turkey",
                  "description": "Turkey is a flavourful, lean white meat. As a cold cut, it makes for a great sandwich filling. Try it on a bun with lettuce, tomatoes, and mayonnaise. ",
                  "packageSizing": "$33.00/1kg $14.97/1lb",
                  "pricing": {
                    "price": "3.30",
                    "wasPrice": null,
                    "displayPrice": "$3.30",
                    "memberOnlyPrice": null,
                    "mopDisplayPrice": null,
                    "ehfTotal": null,
                    "environmentalHandlingFee": null,
                    "taxInfo": ""
                  },
                  "pricingUnits": {
                    "type": "SOLD_BY_WEIGHT",
                    "unit": "g",
                    "interval": 100,
                    "minOrderQuantity": 100,
                    "maxOrderQuantity": 999,
                    "weighted": true
                  },
                  "deal": null,
                  "mopDeal": null,
                  "pcoDeal": null,
                  "inventoryIndicator": null,
                  "offerType": "OG",
                  "offerId": "OG",
                  "action": null,
                  "isVariant": false,
                  "link": "/en/extra-lean-smoked-turkey/p/20324673_KG",
                  "productVendor": null,
                  "productVariant": null,
                  "textBadge": "",
                  "variantTheme": null,
                  "articleNumber": "20324673",
                  "uom": "KG",
                  "sponsoredCreative": null,
                  "isSponsored": false,
                  "isComplementarySponsored": false,
                  "complementarySponsoredBadgeText": null,
                  "productBadge": {
                    "badgeId": "PREPARED_IN_CANADA",
                    "badgeClass": "badge11",
                    "text": "Prepared in Canada",
                    "icon": {
                      "url": "https://dis-prod.assetful.loblaw.ca/content/dam/loblaw-companies-limited/creative-assets/pc-optimum/global-list/maple-leaf-red.png",
                      "altText": "",
                      "placement": "LEFT"
                    }
                  }
                },
                {
                  "index": 24,
                  "promotions": [],
                  "productId": "20308072_KG",
                  "productImage": [
                    {
                      "imageUrl": "https://digital.loblaws.ca/PCX/20308072_KG/en/1/20308072_enfr_front_v1_1200.png",
                      "thumbnailUrl": "https://digital.loblaws.ca/PCX/20308072_KG/en/1/20308072_enfr_front_v1_120.png",
                      "smallUrl": "https://digital.loblaws.ca/PCX/20308072_KG/en/1/20308072_enfr_front_v1_250.png",
                      "mediumUrl": "https://digital.loblaws.ca/PCX/20308072_KG/en/1/20308072_enfr_front_v1_400.png",
                      "largeUrl": "https://digital.loblaws.ca/PCX/20308072_KG/en/1/20308072_enfr_front_v1_800.png",
                      "extraLargeUrl": "https://digital.loblaws.ca/PCX/20308072_KG/en/1/20308072_enfr_front_v1_1200.png",
                      "smallRetinaUrl": "https://digital.loblaws.ca/PCX/20308072_KG/en/1/20308072_enfr_front_v1_250.png",
                      "mediumRetinaUrl": "https://digital.loblaws.ca/PCX/20308072_KG/en/1/20308072_enfr_front_v1_400.png",
                      "largeRetinaUrl": "https://digital.loblaws.ca/PCX/20308072_KG/en/1/20308072_enfr_front_v1_800.png"
                    }
                  ],
                  "brand": "PC Blue Menu",
                  "title": "Tomato and Basil Oven Roasted Turkey Breast",
                  "description": "<p>Serve the convenient Blue Menu Tomato and Basil Oven Roasted Turkey Breast for quick dinners or lunches. This oven-roasted turkey breast is low in fat, gluten-free, extra lean, and features 25% less sodium than PC® Oven Roasted Turkey Breast. Serve it in sandwiches or warm it up and serve with potatoes and a side salad.</p>",
                  "packageSizing": "$42.90/1kg $19.46/1lb",
                  "pricing": {
                    "price": "4.29",
                    "wasPrice": null,
                    "displayPrice": "$4.29",
                    "memberOnlyPrice": null,
                    "mopDisplayPrice": null,
                    "ehfTotal": null,
                    "environmentalHandlingFee": null,
                    "taxInfo": ""
                  },
                  "pricingUnits": {
                    "type": "SOLD_BY_WEIGHT",
                    "unit": "g",
                    "interval": 100,
                    "minOrderQuantity": 100,
                    "maxOrderQuantity": 999,
                    "weighted": true
                  },
                  "deal": null,
                  "mopDeal": null,
                  "pcoDeal": null,
                  "inventoryIndicator": null,
                  "offerType": "OG",
                  "offerId": "OG",
                  "action": null,
                  "isVariant": false,
                  "link": "/en/tomato-and-basil-oven-roasted-turkey-breast/p/20308072_KG",
                  "productVendor": null,
                  "productVariant": null,
                  "textBadge": "",
                  "variantTheme": null,
                  "articleNumber": "20308072",
                  "uom": "KG",
                  "sponsoredCreative": null,
                  "isSponsored": false,
                  "isComplementarySponsored": false,
                  "complementarySponsoredBadgeText": null,
                  "productBadge": {
                    "badgeId": "PREPARED_IN_CANADA",
                    "badgeClass": "badge11",
                    "text": "Prepared in Canada",
                    "icon": {
                      "url": "https://dis-prod.assetful.loblaw.ca/content/dam/loblaw-companies-limited/creative-assets/pc-optimum/global-list/maple-leaf-red.png",
                      "altText": "",
                      "placement": "LEFT"
                    }
                  }
                },
                {
                  "index": 25,
                  "promotions": [],
                  "productId": "21626483_EA",
                  "productImage": [
                    {
                      "imageUrl": "https://digital.loblaws.ca/PCX/21626483_EA/en/1/21626483_enfr_front_v1_1200.png",
                      "thumbnailUrl": "https://digital.loblaws.ca/PCX/21626483_EA/en/1/21626483_enfr_front_v1_120.png",
                      "smallUrl": "https://digital.loblaws.ca/PCX/21626483_EA/en/1/21626483_enfr_front_v1_250.png",
                      "mediumUrl": "https://digital.loblaws.ca/PCX/21626483_EA/en/1/21626483_enfr_front_v1_400.png",
                      "largeUrl": "https://digital.loblaws.ca/PCX/21626483_EA/en/1/21626483_enfr_front_v1_800.png",
                      "extraLargeUrl": "https://digital.loblaws.ca/PCX/21626483_EA/en/1/21626483_enfr_front_v1_1200.png",
                      "smallRetinaUrl": "https://digital.loblaws.ca/PCX/21626483_EA/en/1/21626483_enfr_front_v1_250.png",
                      "mediumRetinaUrl": "https://digital.loblaws.ca/PCX/21626483_EA/en/1/21626483_enfr_front_v1_400.png",
                      "largeRetinaUrl": "https://digital.loblaws.ca/PCX/21626483_EA/en/1/21626483_enfr_front_v1_800.png"
                    }
                  ],
                  "brand": "Ziggy's",
                  "title": "Extra Lean Cooked Turkey (Thin Sliced) Fixed Weight",
                  "description": "<p>Turkey is a flavourful, lean white meat. As a cold cut, it makes for a great sandwich filling. Try it on a bun with lettuce, tomatoes, and mayonnaise.</p>",
                  "packageSizing": "200 g, $2.50/100g",
                  "pricing": {
                    "price": "5.00",
                    "wasPrice": null,
                    "displayPrice": "$5.00",
                    "memberOnlyPrice": null,
                    "mopDisplayPrice": null,
                    "ehfTotal": null,
                    "environmentalHandlingFee": null,
                    "taxInfo": ""
                  },
                  "pricingUnits": {
                    "type": "SOLD_BY_EACH",
                    "unit": "ea",
                    "interval": 1,
                    "minOrderQuantity": 1,
                    "maxOrderQuantity": 25,
                    "weighted": false
                  },
                  "deal": null,
                  "mopDeal": null,
                  "pcoDeal": null,
                  "inventoryIndicator": null,
                  "offerType": "OG",
                  "offerId": "OG",
                  "action": null,
                  "isVariant": false,
                  "link": "/en/extra-lean-cooked-turkey-thin-sliced-fixed-weight/p/21626483_EA",
                  "productVendor": null,
                  "productVariant": null,
                  "textBadge": "",
                  "variantTheme": null,
                  "articleNumber": "21626483",
                  "uom": "EA",
                  "sponsoredCreative": null,
                  "isSponsored": false,
                  "isComplementarySponsored": false,
                  "complementarySponsoredBadgeText": null,
                  "productBadge": {
                    "badgeId": "PREPARED_IN_CANADA",
                    "badgeClass": "badge11",
                    "text": "Prepared in Canada",
                    "icon": {
                      "url": "https://dis-prod.assetful.loblaw.ca/content/dam/loblaw-companies-limited/creative-assets/pc-optimum/global-list/maple-leaf-red.png",
                      "altText": "",
                      "placement": "LEFT"
                    }
                  }
                },
                {
                  "index": 26,
                  "promotions": [],
                  "productId": "21301457_EA",
                  "productImage": [
                    {
                      "imageUrl": "https://digital.loblaws.ca/PCX/21301457_EA/en/1/21301457_en_front_1200.png",
                      "thumbnailUrl": "https://digital.loblaws.ca/PCX/21301457_EA/en/1/21301457_en_front_120.png",
                      "smallUrl": "https://digital.loblaws.ca/PCX/21301457_EA/en/1/21301457_en_front_250.png",
                      "mediumUrl": "https://digital.loblaws.ca/PCX/21301457_EA/en/1/21301457_en_front_400.png",
                      "largeUrl": "https://digital.loblaws.ca/PCX/21301457_EA/en/1/21301457_en_front_800.png",
                      "extraLargeUrl": "https://digital.loblaws.ca/PCX/21301457_EA/en/1/21301457_en_front_1200.png",
                      "smallRetinaUrl": "https://digital.loblaws.ca/PCX/21301457_EA/en/1/21301457_en_front_250.png",
                      "mediumRetinaUrl": "https://digital.loblaws.ca/PCX/21301457_EA/en/1/21301457_en_front_400.png",
                      "largeRetinaUrl": "https://digital.loblaws.ca/PCX/21301457_EA/en/1/21301457_en_front_800.png"
                    }
                  ],
                  "brand": "President's Choice",
                  "title": "Nc Or Turkey Breast",
                  "description": "Perfect for sandwiches21% meat proteinFully cookedTurkey with natural ingredientsNo added nitrites†No added preservatives††Except for those naturally occurring in the ingredientsNatural Choice®No artificial flavours or synthetic colours‡‡As defined in Canadian regulations. This product cannot contain synthetic colours as per Canadian regulations.",
                  "packageSizing": "375 g, $3.46/100g",
                  "pricing": {
                    "price": "12.99",
                    "wasPrice": null,
                    "displayPrice": "$12.99",
                    "memberOnlyPrice": null,
                    "mopDisplayPrice": null,
                    "ehfTotal": null,
                    "environmentalHandlingFee": null,
                    "taxInfo": ""
                  },
                  "pricingUnits": {
                    "type": "SOLD_BY_EACH",
                    "unit": "ea",
                    "interval": 1,
                    "minOrderQuantity": 1,
                    "maxOrderQuantity": 24,
                    "weighted": false
                  },
                  "deal": null,
                  "mopDeal": null,
                  "pcoDeal": null,
                  "inventoryIndicator": null,
                  "offerType": "OG",
                  "offerId": "OG",
                  "action": null,
                  "isVariant": false,
                  "link": "/en/nc-or-turkey-breast/p/21301457_EA",
                  "productVendor": null,
                  "productVariant": null,
                  "textBadge": "",
                  "variantTheme": null,
                  "articleNumber": "21301457",
                  "uom": "EA",
                  "sponsoredCreative": null,
                  "isSponsored": false,
                  "isComplementarySponsored": false,
                  "complementarySponsoredBadgeText": null,
                  "productBadge": {
                    "badgeId": "PREPARED_IN_CANADA",
                    "badgeClass": "badge11",
                    "text": "Prepared in Canada",
                    "icon": {
                      "url": "https://dis-prod.assetful.loblaw.ca/content/dam/loblaw-companies-limited/creative-assets/pc-optimum/global-list/maple-leaf-red.png",
                      "altText": "",
                      "placement": "LEFT"
                    }
                  }
                },
                {
                  "index": 27,
                  "promotions": [
                    {
                      "type": "LOYALTY",
                      "quantity": null,
                      "savings": 1000,
                      "value": null,
                      "promoCode": "2602200188857200006",
                      "expiryDate": "2026-01-14T23:59:59Z",
                      "title": "PC Optimum Offer",
                      "promoType": "0001",
                      "pricingMethod": null,
                      "text": "PC Optimum Points",
                      "reward": "1000PC Optimum Points",
                      "callToAction": null
                    }
                  ],
                  "productId": "20924959_EA",
                  "productImage": [
                    {
                      "imageUrl": "https://digital.loblaws.ca/PCX/20924959_EA/en/1/20924959_en_front_1200.png",
                      "thumbnailUrl": "https://digital.loblaws.ca/PCX/20924959_EA/en/1/20924959_en_front_120.png",
                      "smallUrl": "https://digital.loblaws.ca/PCX/20924959_EA/en/1/20924959_en_front_250.png",
                      "mediumUrl": "https://digital.loblaws.ca/PCX/20924959_EA/en/1/20924959_en_front_400.png",
                      "largeUrl": "https://digital.loblaws.ca/PCX/20924959_EA/en/1/20924959_en_front_800.png",
                      "extraLargeUrl": "https://digital.loblaws.ca/PCX/20924959_EA/en/1/20924959_en_front_1200.png",
                      "smallRetinaUrl": "https://digital.loblaws.ca/PCX/20924959_EA/en/1/20924959_en_front_250.png",
                      "mediumRetinaUrl": "https://digital.loblaws.ca/PCX/20924959_EA/en/1/20924959_en_front_400.png",
                      "largeRetinaUrl": "https://digital.loblaws.ca/PCX/20924959_EA/en/1/20924959_en_front_800.png"
                    }
                  ],
                  "brand": "President's Choice",
                  "title": "Honey Maple Turkey Breast",
                  "description": "Natural Choice*. *Turkey with natural ingredients - a natural choice for your family.. No added preservatives. Except for those naturally occurring in the ingredients.",
                  "packageSizing": "175 g, $4.00/100g",
                  "pricing": {
                    "price": "7.00",
                    "wasPrice": "$7.79",
                    "displayPrice": "$7.00",
                    "memberOnlyPrice": null,
                    "mopDisplayPrice": null,
                    "ehfTotal": null,
                    "environmentalHandlingFee": null,
                    "taxInfo": ""
                  },
                  "pricingUnits": {
                    "type": "SOLD_BY_EACH",
                    "unit": "ea",
                    "interval": 1,
                    "minOrderQuantity": 1,
                    "maxOrderQuantity": 25,
                    "weighted": false
                  },
                  "deal": {
                    "type": "SALE",
                    "text": "SAVE $0.79",
                    "points": 0,
                    "name": "SALE",
                    "expiryDate": "2026-01-14T00:00:00Z",
                    "dealPrice": null
                  },
                  "mopDeal": null,
                  "pcoDeal": "1,000 PC Optimum Points",
                  "inventoryIndicator": null,
                  "offerType": "OG",
                  "offerId": "OG",
                  "action": null,
                  "isVariant": false,
                  "link": "/en/honey-maple-turkey-breast/p/20924959_EA",
                  "productVendor": null,
                  "productVariant": null,
                  "textBadge": "pco-optimum",
                  "variantTheme": null,
                  "articleNumber": "20924959",
                  "uom": "EA",
                  "sponsoredCreative": null,
                  "isSponsored": false,
                  "isComplementarySponsored": false,
                  "complementarySponsoredBadgeText": null,
                  "productBadge": {
                    "badgeId": "PREPARED_IN_CANADA",
                    "badgeClass": "badge11",
                    "text": "Prepared in Canada",
                    "icon": {
                      "url": "https://dis-prod.assetful.loblaw.ca/content/dam/loblaw-companies-limited/creative-assets/pc-optimum/global-list/maple-leaf-red.png",
                      "altText": "",
                      "placement": "LEFT"
                    }
                  }
                },
                {
                  "index": 28,
                  "promotions": [],
                  "productId": "21124822_KG",
                  "productImage": [
                    {
                      "imageUrl": "https://digital.loblaws.ca/PCX/21124822_KG/en/1/21124822_enfr_front_v1_1200.png",
                      "thumbnailUrl": "https://digital.loblaws.ca/PCX/21124822_KG/en/1/21124822_enfr_front_v1_120.png",
                      "smallUrl": "https://digital.loblaws.ca/PCX/21124822_KG/en/1/21124822_enfr_front_v1_250.png",
                      "mediumUrl": "https://digital.loblaws.ca/PCX/21124822_KG/en/1/21124822_enfr_front_v1_400.png",
                      "largeUrl": "https://digital.loblaws.ca/PCX/21124822_KG/en/1/21124822_enfr_front_v1_800.png",
                      "extraLargeUrl": "https://digital.loblaws.ca/PCX/21124822_KG/en/1/21124822_enfr_front_v1_1200.png",
                      "smallRetinaUrl": "https://digital.loblaws.ca/PCX/21124822_KG/en/1/21124822_enfr_front_v1_250.png",
                      "mediumRetinaUrl": "https://digital.loblaws.ca/PCX/21124822_KG/en/1/21124822_enfr_front_v1_400.png",
                      "largeRetinaUrl": "https://digital.loblaws.ca/PCX/21124822_KG/en/1/21124822_enfr_front_v1_800.png"
                    }
                  ],
                  "brand": "President's Choice",
                  "title": "Turkey Breast Roast",
                  "description": "<p>Gather 'round the dinner table for Turkey Breast Roast. Specially selected and trimmed, this boneless, skin-on turkey breast with fillets removed is perfect for a special occasion or holiday.</p>",
                  "packageSizing": "$27.54/1kg $12.50/1lb",
                  "pricing": {
                    "price": "22.14",
                    "wasPrice": null,
                    "displayPrice": "about $22.14",
                    "memberOnlyPrice": null,
                    "mopDisplayPrice": null,
                    "ehfTotal": null,
                    "environmentalHandlingFee": null,
                    "taxInfo": ""
                  },
                  "pricingUnits": {
                    "type": "SOLD_BY_EACH_PRICED_BY_WEIGHT",
                    "unit": "ea",
                    "interval": 1,
                    "minOrderQuantity": 1,
                    "maxOrderQuantity": 24,
                    "weighted": false
                  },
                  "deal": null,
                  "mopDeal": null,
                  "pcoDeal": null,
                  "inventoryIndicator": {
                    "indicatorId": "OUT",
                    "text": "Out of Stock"
                  },
                  "offerType": "OG",
                  "offerId": "OG",
                  "action": null,
                  "isVariant": false,
                  "link": "/en/turkey-breast-roast/p/21124822_KG",
                  "productVendor": null,
                  "productVariant": null,
                  "textBadge": "out-of-stock",
                  "variantTheme": null,
                  "articleNumber": "21124822",
                  "uom": "KG",
                  "sponsoredCreative": null,
                  "isSponsored": false,
                  "isComplementarySponsored": false,
                  "complementarySponsoredBadgeText": null,
                  "productBadge": {
                    "badgeId": "PREPARED_IN_CANADA",
                    "badgeClass": "badge11",
                    "text": "Prepared in Canada",
                    "icon": {
                      "url": "https://dis-prod.assetful.loblaw.ca/content/dam/loblaw-companies-limited/creative-assets/pc-optimum/global-list/maple-leaf-red.png",
                      "altText": "",
                      "placement": "LEFT"
                    }
                  }
                },
                {
                  "index": 29,
                  "promotions": [],
                  "productId": "21570617_EA",
                  "productImage": [
                    {
                      "imageUrl": "https://digital.loblaws.ca/PCX/21570617_EA/en/1/21570617_en_front_1200.png",
                      "thumbnailUrl": "https://digital.loblaws.ca/PCX/21570617_EA/en/1/21570617_en_front_120.png",
                      "smallUrl": "https://digital.loblaws.ca/PCX/21570617_EA/en/1/21570617_en_front_250.png",
                      "mediumUrl": "https://digital.loblaws.ca/PCX/21570617_EA/en/1/21570617_en_front_400.png",
                      "largeUrl": "https://digital.loblaws.ca/PCX/21570617_EA/en/1/21570617_en_front_800.png",
                      "extraLargeUrl": "https://digital.loblaws.ca/PCX/21570617_EA/en/1/21570617_en_front_1200.png",
                      "smallRetinaUrl": "https://digital.loblaws.ca/PCX/21570617_EA/en/1/21570617_en_front_250.png",
                      "mediumRetinaUrl": "https://digital.loblaws.ca/PCX/21570617_EA/en/1/21570617_en_front_400.png",
                      "largeRetinaUrl": "https://digital.loblaws.ca/PCX/21570617_EA/en/1/21570617_en_front_800.png"
                    }
                  ],
                  "brand": "Shahir Halal",
                  "title": "Smoked Turkey Breast Mild",
                  "description": "Explore Shahir’s premium ‘Smoked Turkey Breast Slices’ – crafted with care, offering an authentic taste that defines a brand’s commitment to quality. Naturally wood-smoked, Zabeeha by hand, gluten-free, and lactose-free, with no artificial flavors. Elevate your dining experience with the mouth-watering flavors of Shahir!",
                  "packageSizing": "200 g, $3.50/100g",
                  "pricing": {
                    "price": "7.00",
                    "wasPrice": null,
                    "displayPrice": "$7.00",
                    "memberOnlyPrice": null,
                    "mopDisplayPrice": null,
                    "ehfTotal": null,
                    "environmentalHandlingFee": null,
                    "taxInfo": ""
                  },
                  "pricingUnits": {
                    "type": "SOLD_BY_EACH",
                    "unit": "ea",
                    "interval": 1,
                    "minOrderQuantity": 1,
                    "maxOrderQuantity": 24,
                    "weighted": false
                  },
                  "deal": null,
                  "mopDeal": null,
                  "pcoDeal": null,
                  "inventoryIndicator": null,
                  "offerType": "OG",
                  "offerId": "OG",
                  "action": null,
                  "isVariant": false,
                  "link": "/en/smoked-turkey-breast-mild/p/21570617_EA",
                  "productVendor": null,
                  "productVariant": null,
                  "textBadge": "",
                  "variantTheme": null,
                  "articleNumber": "21570617",
                  "uom": "EA",
                  "sponsoredCreative": null,
                  "isSponsored": false,
                  "isComplementarySponsored": false,
                  "complementarySponsoredBadgeText": null,
                  "productBadge": {
                    "badgeId": "PREPARED_IN_CANADA",
                    "badgeClass": "badge11",
                    "text": "Prepared in Canada",
                    "icon": {
                      "url": "https://dis-prod.assetful.loblaw.ca/content/dam/loblaw-companies-limited/creative-assets/pc-optimum/global-list/maple-leaf-red.png",
                      "altText": "",
                      "placement": "LEFT"
                    }
                  }
                },
                {
                  "index": 30,
                  "promotions": [],
                  "productId": "21550799_EA",
                  "productImage": [
                    {
                      "imageUrl": "https://digital.loblaws.ca/PCX/21550799_EA/en/1/21550799_en_front_1200.png",
                      "thumbnailUrl": "https://digital.loblaws.ca/PCX/21550799_EA/en/1/21550799_en_front_120.png",
                      "smallUrl": "https://digital.loblaws.ca/PCX/21550799_EA/en/1/21550799_en_front_250.png",
                      "mediumUrl": "https://digital.loblaws.ca/PCX/21550799_EA/en/1/21550799_en_front_400.png",
                      "largeUrl": "https://digital.loblaws.ca/PCX/21550799_EA/en/1/21550799_en_front_800.png",
                      "extraLargeUrl": "https://digital.loblaws.ca/PCX/21550799_EA/en/1/21550799_en_front_1200.png",
                      "smallRetinaUrl": "https://digital.loblaws.ca/PCX/21550799_EA/en/1/21550799_en_front_250.png",
                      "mediumRetinaUrl": "https://digital.loblaws.ca/PCX/21550799_EA/en/1/21550799_en_front_400.png",
                      "largeRetinaUrl": "https://digital.loblaws.ca/PCX/21550799_EA/en/1/21550799_en_front_800.png"
                    }
                  ],
                  "brand": "Schneiders",
                  "title": "Herbed Turkey Breast",
                  "description": "<p>Schneiders® Herbed Turkey Breast is a favourite for good reason. It all starts with premium turkey breast, coated with oregano, garlic and rosemary and then slowly oven-roasted to bring out the classic turkey flavour you know and love. Now made with 25% less sodium than regular turkey, it delivers absolutely zero compromise on taste. Schneiders® brand has been committed to providing Canadian families with the highest quality of craftsmanship since 1890. Carefully staying true to J.M. Schneider’s original recipes, they use only premium cuts of turkey for a traditional taste you can be proud to share with family and friends. An excellent source of protein, Schneiders® Herbed Turkey breast is a satisfying addition to sandwiches, appetizers and charcuterie boards and comes conveniently sliced in a resealable package for easy serving.</p><ul><li>Authentic Turkey Taste: Slow oven roasted and perfectly seasoned with oregano, garlic and rosemary.</li><li>Excellent Source of Protein: Reduced-sodium turkey satisfies with 12g of protein per serving.</li><li>Share the Love: Schneiders® turkey is a crowd-pleaser on charcuterie boards or sandwich platters.</li><li>Ready to Eat: Oven-roasted turkey slices come ready to enjoy in a resealable package for easy serving.</li><li>Crafted without Compromise: Schneiders® deli meats deliver authentic flavour and premium quality.</li></ul>",
                  "packageSizing": "150 g, $5.33/100g",
                  "pricing": {
                    "price": "7.99",
                    "wasPrice": null,
                    "displayPrice": "$7.99",
                    "memberOnlyPrice": null,
                    "mopDisplayPrice": null,
                    "ehfTotal": null,
                    "environmentalHandlingFee": null,
                    "taxInfo": ""
                  },
                  "pricingUnits": {
                    "type": "SOLD_BY_EACH",
                    "unit": "ea",
                    "interval": 1,
                    "minOrderQuantity": 1,
                    "maxOrderQuantity": 24,
                    "weighted": false
                  },
                  "deal": null,
                  "mopDeal": null,
                  "pcoDeal": null,
                  "inventoryIndicator": null,
                  "offerType": "OG",
                  "offerId": "OG",
                  "action": null,
                  "isVariant": false,
                  "link": "/en/herbed-turkey-breast/p/21550799_EA",
                  "productVendor": null,
                  "productVariant": null,
                  "textBadge": "",
                  "variantTheme": null,
                  "articleNumber": "21550799",
                  "uom": "EA",
                  "sponsoredCreative": null,
                  "isSponsored": false,
                  "isComplementarySponsored": false,
                  "complementarySponsoredBadgeText": null,
                  "productBadge": {
                    "badgeId": "PREPARED_IN_CANADA",
                    "badgeClass": "badge11",
                    "text": "Prepared in Canada",
                    "icon": {
                      "url": "https://dis-prod.assetful.loblaw.ca/content/dam/loblaw-companies-limited/creative-assets/pc-optimum/global-list/maple-leaf-red.png",
                      "altText": "",
                      "placement": "LEFT"
                    }
                  }
                },
                {
                  "index": 31,
                  "promotions": [],
                  "productId": "21124829_KG",
                  "productImage": [
                    {
                      "imageUrl": "https://digital.loblaws.ca/PCX/21124829_KG/en/1/21124829_enfr_front_v1_1200.png",
                      "thumbnailUrl": "https://digital.loblaws.ca/PCX/21124829_KG/en/1/21124829_enfr_front_v1_120.png",
                      "smallUrl": "https://digital.loblaws.ca/PCX/21124829_KG/en/1/21124829_enfr_front_v1_250.png",
                      "mediumUrl": "https://digital.loblaws.ca/PCX/21124829_KG/en/1/21124829_enfr_front_v1_400.png",
                      "largeUrl": "https://digital.loblaws.ca/PCX/21124829_KG/en/1/21124829_enfr_front_v1_800.png",
                      "extraLargeUrl": "https://digital.loblaws.ca/PCX/21124829_KG/en/1/21124829_enfr_front_v1_1200.png",
                      "smallRetinaUrl": "https://digital.loblaws.ca/PCX/21124829_KG/en/1/21124829_enfr_front_v1_250.png",
                      "mediumRetinaUrl": "https://digital.loblaws.ca/PCX/21124829_KG/en/1/21124829_enfr_front_v1_400.png",
                      "largeRetinaUrl": "https://digital.loblaws.ca/PCX/21124829_KG/en/1/21124829_enfr_front_v1_800.png"
                    }
                  ],
                  "brand": "President's Choice",
                  "title": "Free From Turkey Breast Scaloppine",
                  "description": "<p>Free From Turkey Breast Scaloppine is your ideal choice for dinner. Raised without antibiotics by Canadian farmers, it's made from specially selected and trimmed turkey. Serve with a garden salad.</p>",
                  "packageSizing": "$29.74/1kg $13.49/1lb",
                  "pricing": {
                    "price": "11.30",
                    "wasPrice": null,
                    "displayPrice": "about $11.30",
                    "memberOnlyPrice": null,
                    "mopDisplayPrice": null,
                    "ehfTotal": null,
                    "environmentalHandlingFee": null,
                    "taxInfo": ""
                  },
                  "pricingUnits": {
                    "type": "SOLD_BY_EACH_PRICED_BY_WEIGHT",
                    "unit": "ea",
                    "interval": 1,
                    "minOrderQuantity": 1,
                    "maxOrderQuantity": 24,
                    "weighted": false
                  },
                  "deal": null,
                  "mopDeal": null,
                  "pcoDeal": null,
                  "inventoryIndicator": {
                    "indicatorId": "OUT",
                    "text": "Out of Stock"
                  },
                  "offerType": "OG",
                  "offerId": "OG",
                  "action": null,
                  "isVariant": false,
                  "link": "/en/free-from-turkey-breast-scaloppine/p/21124829_KG",
                  "productVendor": null,
                  "productVariant": null,
                  "textBadge": "out-of-stock",
                  "variantTheme": null,
                  "articleNumber": "21124829",
                  "uom": "KG",
                  "sponsoredCreative": null,
                  "isSponsored": false,
                  "isComplementarySponsored": false,
                  "complementarySponsoredBadgeText": null,
                  "productBadge": {
                    "badgeId": "PREPARED_IN_CANADA",
                    "badgeClass": "badge11",
                    "text": "Prepared in Canada",
                    "icon": {
                      "url": "https://dis-prod.assetful.loblaw.ca/content/dam/loblaw-companies-limited/creative-assets/pc-optimum/global-list/maple-leaf-red.png",
                      "altText": "",
                      "placement": "LEFT"
                    }
                  }
                },
                {
                  "index": 32,
                  "promotions": [],
                  "productId": "21460801_EA",
                  "productImage": [
                    {
                      "imageUrl": "https://digital.loblaws.ca/PCX/21460801_EA/en/1/21460801_en_front_1200.png",
                      "thumbnailUrl": "https://digital.loblaws.ca/PCX/21460801_EA/en/1/21460801_en_front_120.png",
                      "smallUrl": "https://digital.loblaws.ca/PCX/21460801_EA/en/1/21460801_en_front_250.png",
                      "mediumUrl": "https://digital.loblaws.ca/PCX/21460801_EA/en/1/21460801_en_front_400.png",
                      "largeUrl": "https://digital.loblaws.ca/PCX/21460801_EA/en/1/21460801_en_front_800.png",
                      "extraLargeUrl": "https://digital.loblaws.ca/PCX/21460801_EA/en/1/21460801_en_front_1200.png",
                      "smallRetinaUrl": "https://digital.loblaws.ca/PCX/21460801_EA/en/1/21460801_en_front_250.png",
                      "mediumRetinaUrl": "https://digital.loblaws.ca/PCX/21460801_EA/en/1/21460801_en_front_400.png",
                      "largeRetinaUrl": "https://digital.loblaws.ca/PCX/21460801_EA/en/1/21460801_en_front_800.png"
                    }
                  ],
                  "brand": "Main Street Deli",
                  "title": "Smoked Turkey Breast",
                  "description": "<p>Create a hearty sandwich or wrap with Main Street Deli™ Smoked Turkey Breast. Made in Canada, this sliced sandwich meat is crafted from quality cuts of turkey breast. A great choice for families, this gluten-free smoked turkey offers rich, delicious flavour that both kids and grown-ups love. The convenient, easy-to-open package ensures the turkey deli meat stays fresh and ready to enjoy anytime. A brand of Maple Leaf Foods, Main Street Deli™ is proud to be a part of feeding millions of Canadians, every single day.</p><ul><li>FAMILY FAVOURITE: Sliced turkey makes it easy to create quick, delicious sandwiches for the family</li><li>QUALITY CUTS: Only quality cuts of turkey are used to create this delicious deli meat</li><li>SMOKED TO PERFECTION: This smoked sandwich meat delivers rich flavour in every bite</li><li>GLUTEN-FREE: Turkey lunch meat is gluten-free and an excellent source of protein</li><li>PROUDLY CANADIAN BRAND: Main Street Deli™ is part of the Maple Leaf Foods family of brands</li></ul>",
                  "packageSizing": "500 g, $2.40/100g",
                  "pricing": {
                    "price": "11.99",
                    "wasPrice": null,
                    "displayPrice": "$11.99",
                    "memberOnlyPrice": null,
                    "mopDisplayPrice": null,
                    "ehfTotal": null,
                    "environmentalHandlingFee": null,
                    "taxInfo": ""
                  },
                  "pricingUnits": {
                    "type": "SOLD_BY_EACH",
                    "unit": "ea",
                    "interval": 1,
                    "minOrderQuantity": 1,
                    "maxOrderQuantity": 25,
                    "weighted": false
                  },
                  "deal": null,
                  "mopDeal": null,
                  "pcoDeal": null,
                  "inventoryIndicator": null,
                  "offerType": "OG",
                  "offerId": "OG",
                  "action": null,
                  "isVariant": false,
                  "link": "/en/smoked-turkey-breast/p/21460801_EA",
                  "productVendor": null,
                  "productVariant": null,
                  "textBadge": "",
                  "variantTheme": null,
                  "articleNumber": "21460801",
                  "uom": "EA",
                  "sponsoredCreative": null,
                  "isSponsored": false,
                  "isComplementarySponsored": false,
                  "complementarySponsoredBadgeText": null,
                  "productBadge": {
                    "badgeId": "PREPARED_IN_CANADA",
                    "badgeClass": "badge11",
                    "text": "Prepared in Canada",
                    "icon": {
                      "url": "https://dis-prod.assetful.loblaw.ca/content/dam/loblaw-companies-limited/creative-assets/pc-optimum/global-list/maple-leaf-red.png",
                      "altText": "",
                      "placement": "LEFT"
                    }
                  }
                },
                {
                  "index": 33,
                  "promotions": [],
                  "productId": "21668501_EA",
                  "productImage": [
                    {
                      "imageUrl": "https://digital.loblaws.ca/PCX/21668501_EA/en/1/21668501_enfr_front_1200.png",
                      "thumbnailUrl": "https://digital.loblaws.ca/PCX/21668501_EA/en/1/21668501_enfr_front_120.png",
                      "smallUrl": "https://digital.loblaws.ca/PCX/21668501_EA/en/1/21668501_enfr_front_250.png",
                      "mediumUrl": "https://digital.loblaws.ca/PCX/21668501_EA/en/1/21668501_enfr_front_400.png",
                      "largeUrl": "https://digital.loblaws.ca/PCX/21668501_EA/en/1/21668501_enfr_front_800.png",
                      "extraLargeUrl": "https://digital.loblaws.ca/PCX/21668501_EA/en/1/21668501_enfr_front_1200.png",
                      "smallRetinaUrl": "https://digital.loblaws.ca/PCX/21668501_EA/en/1/21668501_enfr_front_250.png",
                      "mediumRetinaUrl": "https://digital.loblaws.ca/PCX/21668501_EA/en/1/21668501_enfr_front_400.png",
                      "largeRetinaUrl": "https://digital.loblaws.ca/PCX/21668501_EA/en/1/21668501_enfr_front_800.png"
                    }
                  ],
                  "brand": "Ziggy's",
                  "title": "Smoked Turkey Breast and Smoked Black Forest Ham Duo Club Pack",
                  "description": "<p>Smoked Turkey Breast and Smoked Black Forest Ham Duo Club Pack is perfect for preparing sandwiches for the whole family. With 2 different flavours, you can mix them together or enjoy them separately. They taste great on a kaiser bun with lettuce, cheese, and tomato.</p>",
                  "packageSizing": "600 g, $1.92/100g",
                  "pricing": {
                    "price": "11.50",
                    "wasPrice": null,
                    "displayPrice": "$11.50",
                    "memberOnlyPrice": null,
                    "mopDisplayPrice": null,
                    "ehfTotal": null,
                    "environmentalHandlingFee": null,
                    "taxInfo": ""
                  },
                  "pricingUnits": {
                    "type": "SOLD_BY_EACH",
                    "unit": "ea",
                    "interval": 1,
                    "minOrderQuantity": 1,
                    "maxOrderQuantity": 25,
                    "weighted": false
                  },
                  "deal": null,
                  "mopDeal": null,
                  "pcoDeal": null,
                  "inventoryIndicator": null,
                  "offerType": "OG",
                  "offerId": "OG",
                  "action": null,
                  "isVariant": false,
                  "link": "/en/smoked-turkey-breast-and-smoked-black-forest-ham-d/p/21668501_EA",
                  "productVendor": null,
                  "productVariant": null,
                  "textBadge": "",
                  "variantTheme": null,
                  "articleNumber": "21668501",
                  "uom": "EA",
                  "sponsoredCreative": null,
                  "isSponsored": false,
                  "isComplementarySponsored": false,
                  "complementarySponsoredBadgeText": null,
                  "productBadge": null
                },
                {
                  "index": 34,
                  "promotions": [],
                  "productId": "21201089_KG",
                  "productImage": [
                    {
                      "imageUrl": "https://digital.loblaws.ca/PCX/21201089_KG/en/1/21201089_enfr_front_v1_1200.png",
                      "thumbnailUrl": "https://digital.loblaws.ca/PCX/21201089_KG/en/1/21201089_enfr_front_v1_120.png",
                      "smallUrl": "https://digital.loblaws.ca/PCX/21201089_KG/en/1/21201089_enfr_front_v1_250.png",
                      "mediumUrl": "https://digital.loblaws.ca/PCX/21201089_KG/en/1/21201089_enfr_front_v1_400.png",
                      "largeUrl": "https://digital.loblaws.ca/PCX/21201089_KG/en/1/21201089_enfr_front_v1_800.png",
                      "extraLargeUrl": "https://digital.loblaws.ca/PCX/21201089_KG/en/1/21201089_enfr_front_v1_1200.png",
                      "smallRetinaUrl": "https://digital.loblaws.ca/PCX/21201089_KG/en/1/21201089_enfr_front_v1_250.png",
                      "mediumRetinaUrl": "https://digital.loblaws.ca/PCX/21201089_KG/en/1/21201089_enfr_front_v1_400.png",
                      "largeRetinaUrl": "https://digital.loblaws.ca/PCX/21201089_KG/en/1/21201089_enfr_front_v1_800.png"
                    }
                  ],
                  "brand": "Schneiders",
                  "title": "Small Batch Cajun Turkey Breast",
                  "description": "Enjoy exceptionally flavourful turkey breast with Schneiders Deli Best® Small Batch Cajun Turkey Breast. Made with our premium cuts of turkey breast, this juicy turkey is seasoned with our signature Louisiana Cajun spice blend for an added fiery kick. This cooked turkey breast is delicious when added to a variety of home-cooked meals, sliced in a sandwich, or simply enjoyed on its own. Since 1890, Schneiders® Foods has established a rich heritage of original and authentic recipes, using premium ingredients and taking all the time needed to honour the origin and inspiration of each recipe. Quality never gets old™.<ul><li>FAMILY FAVOURITE: Cajun turkey breast makes a succulent addition to a sandwich or home-cooked meal</li><li>PREMIUM CUTS: Schneiders® Foods uses only our quality cuts of turkey breast to create this sandwich meat</li><li>ROASTED TO PERFECTION: Turkey has been roasted in the oven for rich, savoury flavour</li><li>CAJUN KICK: Basted with a Cajun spice blend for an added kick</li><li>QUALITY NEVER GETS OLD™: Uncompromising commitment to quality standards since 1890</li></ul>",
                  "packageSizing": "$40.00/1kg $18.15/1lb",
                  "pricing": {
                    "price": "4.00",
                    "wasPrice": null,
                    "displayPrice": "$4.00",
                    "memberOnlyPrice": null,
                    "mopDisplayPrice": null,
                    "ehfTotal": null,
                    "environmentalHandlingFee": null,
                    "taxInfo": ""
                  },
                  "pricingUnits": {
                    "type": "SOLD_BY_WEIGHT",
                    "unit": "g",
                    "interval": 100,
                    "minOrderQuantity": 100,
                    "maxOrderQuantity": 999,
                    "weighted": true
                  },
                  "deal": null,
                  "mopDeal": null,
                  "pcoDeal": null,
                  "inventoryIndicator": null,
                  "offerType": "OG",
                  "offerId": "OG",
                  "action": null,
                  "isVariant": false,
                  "link": "/en/small-batch-cajun-turkey-breast/p/21201089_KG",
                  "productVendor": null,
                  "productVariant": null,
                  "textBadge": "",
                  "variantTheme": null,
                  "articleNumber": "21201089",
                  "uom": "KG",
                  "sponsoredCreative": null,
                  "isSponsored": false,
                  "isComplementarySponsored": false,
                  "complementarySponsoredBadgeText": null,
                  "productBadge": {
                    "badgeId": "PREPARED_IN_CANADA",
                    "badgeClass": "badge11",
                    "text": "Prepared in Canada",
                    "icon": {
                      "url": "https://dis-prod.assetful.loblaw.ca/content/dam/loblaw-companies-limited/creative-assets/pc-optimum/global-list/maple-leaf-red.png",
                      "altText": "",
                      "placement": "LEFT"
                    }
                  }
                },
                {
                  "index": 35,
                  "promotions": [],
                  "productId": "21570684_EA",
                  "productImage": [
                    {
                      "imageUrl": "https://digital.loblaws.ca/PCX/21570684_EA/en/1/5765401169_enfr_front_centre_marketing_GS1_Ecommerce_1200.png",
                      "thumbnailUrl": "https://digital.loblaws.ca/PCX/21570684_EA/en/1/5765401169_enfr_front_centre_marketing_GS1_Ecommerce_120.png",
                      "smallUrl": "https://digital.loblaws.ca/PCX/21570684_EA/en/1/5765401169_enfr_front_centre_marketing_GS1_Ecommerce_250.png",
                      "mediumUrl": "https://digital.loblaws.ca/PCX/21570684_EA/en/1/5765401169_enfr_front_centre_marketing_GS1_Ecommerce_400.png",
                      "largeUrl": "https://digital.loblaws.ca/PCX/21570684_EA/en/1/5765401169_enfr_front_centre_marketing_GS1_Ecommerce_800.png",
                      "extraLargeUrl": "https://digital.loblaws.ca/PCX/21570684_EA/en/1/5765401169_enfr_front_centre_marketing_GS1_Ecommerce_1200.png",
                      "smallRetinaUrl": "https://digital.loblaws.ca/PCX/21570684_EA/en/1/5765401169_enfr_front_centre_marketing_GS1_Ecommerce_250.png",
                      "mediumRetinaUrl": "https://digital.loblaws.ca/PCX/21570684_EA/en/1/5765401169_enfr_front_centre_marketing_GS1_Ecommerce_400.png",
                      "largeRetinaUrl": "https://digital.loblaws.ca/PCX/21570684_EA/en/1/5765401169_enfr_front_centre_marketing_GS1_Ecommerce_800.png"
                    }
                  ],
                  "brand": "Shahir Halal",
                  "title": "Cajun Turkey Breast Mild",
                  "description": "Delicious ‘Cajun Turkey Slices’ – packed with flavor to spice up your meals and add a great taste to your culinary experiences. Naturally wood-smoked, Zabeeha by hand, gluten-free, and lactose-free, with no artificial flavors. Give it a try! That’s simply irresistible!",
                  "packageSizing": "200 g, $3.50/100g",
                  "pricing": {
                    "price": "7.00",
                    "wasPrice": null,
                    "displayPrice": "$7.00",
                    "memberOnlyPrice": null,
                    "mopDisplayPrice": null,
                    "ehfTotal": null,
                    "environmentalHandlingFee": null,
                    "taxInfo": ""
                  },
                  "pricingUnits": {
                    "type": "SOLD_BY_EACH",
                    "unit": "ea",
                    "interval": 1,
                    "minOrderQuantity": 1,
                    "maxOrderQuantity": 24,
                    "weighted": false
                  },
                  "deal": null,
                  "mopDeal": null,
                  "pcoDeal": null,
                  "inventoryIndicator": null,
                  "offerType": "OG",
                  "offerId": "OG",
                  "action": null,
                  "isVariant": false,
                  "link": "/en/cajun-turkey-breast-mild/p/21570684_EA",
                  "productVendor": null,
                  "productVariant": null,
                  "textBadge": "",
                  "variantTheme": null,
                  "articleNumber": "21570684",
                  "uom": "EA",
                  "sponsoredCreative": null,
                  "isSponsored": false,
                  "isComplementarySponsored": false,
                  "complementarySponsoredBadgeText": null,
                  "productBadge": {
                    "badgeId": "PREPARED_IN_CANADA",
                    "badgeClass": "badge11",
                    "text": "Prepared in Canada",
                    "icon": {
                      "url": "https://dis-prod.assetful.loblaw.ca/content/dam/loblaw-companies-limited/creative-assets/pc-optimum/global-list/maple-leaf-red.png",
                      "altText": "",
                      "placement": "LEFT"
                    }
                  }
                },
                {
                  "index": 36,
                  "promotions": [],
                  "productId": "21377745_EA",
                  "productImage": [
                    {
                      "imageUrl": "https://digital.loblaws.ca/PCX/21377745_EA/en/1/21377745_en_front_1200.png",
                      "thumbnailUrl": "https://digital.loblaws.ca/PCX/21377745_EA/en/1/21377745_en_front_120.png",
                      "smallUrl": "https://digital.loblaws.ca/PCX/21377745_EA/en/1/21377745_en_front_250.png",
                      "mediumUrl": "https://digital.loblaws.ca/PCX/21377745_EA/en/1/21377745_en_front_400.png",
                      "largeUrl": "https://digital.loblaws.ca/PCX/21377745_EA/en/1/21377745_en_front_800.png",
                      "extraLargeUrl": "https://digital.loblaws.ca/PCX/21377745_EA/en/1/21377745_en_front_1200.png",
                      "smallRetinaUrl": "https://digital.loblaws.ca/PCX/21377745_EA/en/1/21377745_en_front_250.png",
                      "mediumRetinaUrl": "https://digital.loblaws.ca/PCX/21377745_EA/en/1/21377745_en_front_400.png",
                      "largeRetinaUrl": "https://digital.loblaws.ca/PCX/21377745_EA/en/1/21377745_en_front_800.png"
                    }
                  ],
                  "brand": "Butterball",
                  "title": "Boneless Turkey Breast Roast, Frozen ",
                  "description": "The Butterball Boneless Turkey Breast Roast, Frozen offers the perfect solution for a hearty family dinner. Easily prepare tender slices for a classic roast dinner or shred it to create delicious turkey sandwiches that everyone will enjoy. This boneless roast provides a convenient way to savour turkey without the hassle of bone-in preparation.",
                  "packageSizing": "1.5 kg, $2.00/100g",
                  "pricing": {
                    "price": "29.99",
                    "wasPrice": null,
                    "displayPrice": "$29.99",
                    "memberOnlyPrice": null,
                    "mopDisplayPrice": null,
                    "ehfTotal": null,
                    "environmentalHandlingFee": null,
                    "taxInfo": ""
                  },
                  "pricingUnits": {
                    "type": "SOLD_BY_EACH",
                    "unit": "ea",
                    "interval": 1,
                    "minOrderQuantity": 1,
                    "maxOrderQuantity": 24,
                    "weighted": false
                  },
                  "deal": null,
                  "mopDeal": null,
                  "pcoDeal": null,
                  "inventoryIndicator": {
                    "indicatorId": "OUT",
                    "text": "Out of Stock"
                  },
                  "offerType": "OG",
                  "offerId": "OG",
                  "action": null,
                  "isVariant": false,
                  "link": "/en/boneless-turkey-breast-roast-frozen/p/21377745_EA",
                  "productVendor": null,
                  "productVariant": null,
                  "textBadge": "out-of-stock",
                  "variantTheme": null,
                  "articleNumber": "21377745",
                  "uom": "EA",
                  "sponsoredCreative": null,
                  "isSponsored": false,
                  "isComplementarySponsored": false,
                  "complementarySponsoredBadgeText": null,
                  "productBadge": {
                    "badgeId": "PREPARED_IN_CANADA",
                    "badgeClass": "badge11",
                    "text": "Prepared in Canada",
                    "icon": {
                      "url": "https://dis-prod.assetful.loblaw.ca/content/dam/loblaw-companies-limited/creative-assets/pc-optimum/global-list/maple-leaf-red.png",
                      "altText": "",
                      "placement": "LEFT"
                    }
                  }
                },
                {
                  "index": 37,
                  "promotions": [],
                  "productId": "21599756_EA",
                  "productImage": [
                    {
                      "imageUrl": "https://digital.loblaws.ca/PCX/21599756_EA/en/1/21599756_en_front_1200.png",
                      "thumbnailUrl": "https://digital.loblaws.ca/PCX/21599756_EA/en/1/21599756_en_front_120.png",
                      "smallUrl": "https://digital.loblaws.ca/PCX/21599756_EA/en/1/21599756_en_front_250.png",
                      "mediumUrl": "https://digital.loblaws.ca/PCX/21599756_EA/en/1/21599756_en_front_400.png",
                      "largeUrl": "https://digital.loblaws.ca/PCX/21599756_EA/en/1/21599756_en_front_800.png",
                      "extraLargeUrl": "https://digital.loblaws.ca/PCX/21599756_EA/en/1/21599756_en_front_1200.png",
                      "smallRetinaUrl": "https://digital.loblaws.ca/PCX/21599756_EA/en/1/21599756_en_front_250.png",
                      "mediumRetinaUrl": "https://digital.loblaws.ca/PCX/21599756_EA/en/1/21599756_en_front_400.png",
                      "largeRetinaUrl": "https://digital.loblaws.ca/PCX/21599756_EA/en/1/21599756_en_front_800.png"
                    }
                  ],
                  "brand": "Gold Label",
                  "title": "Delicatessen Originals Turkey Breast",
                  "description": null,
                  "packageSizing": "175 g, $2.29/100g",
                  "pricing": {
                    "price": "4.00",
                    "wasPrice": null,
                    "displayPrice": "$4.00",
                    "memberOnlyPrice": null,
                    "mopDisplayPrice": null,
                    "ehfTotal": null,
                    "environmentalHandlingFee": null,
                    "taxInfo": ""
                  },
                  "pricingUnits": {
                    "type": "SOLD_BY_EACH",
                    "unit": "ea",
                    "interval": 1,
                    "minOrderQuantity": 1,
                    "maxOrderQuantity": 25,
                    "weighted": false
                  },
                  "deal": null,
                  "mopDeal": null,
                  "pcoDeal": null,
                  "inventoryIndicator": null,
                  "offerType": "OG",
                  "offerId": "OG",
                  "action": null,
                  "isVariant": false,
                  "link": "/en/delicatessen-originals-turkey-breast/p/21599756_EA",
                  "productVendor": null,
                  "productVariant": null,
                  "textBadge": "",
                  "variantTheme": null,
                  "articleNumber": "21599756",
                  "uom": "EA",
                  "sponsoredCreative": null,
                  "isSponsored": false,
                  "isComplementarySponsored": false,
                  "complementarySponsoredBadgeText": null,
                  "productBadge": {
                    "badgeId": "PREPARED_IN_CANADA",
                    "badgeClass": "badge11",
                    "text": "Prepared in Canada",
                    "icon": {
                      "url": "https://dis-prod.assetful.loblaw.ca/content/dam/loblaw-companies-limited/creative-assets/pc-optimum/global-list/maple-leaf-red.png",
                      "altText": "",
                      "placement": "LEFT"
                    }
                  }
                },
                {
                  "index": 38,
                  "promotions": [],
                  "productId": "21675604_EA",
                  "productImage": [
                    {
                      "imageUrl": "https://digital.loblaws.ca/PCX/21675604_EA/en/1/77414201072_enfr_front_centre_marketing_A_1_GS1_Ecommerce_1200.png",
                      "thumbnailUrl": "https://digital.loblaws.ca/PCX/21675604_EA/en/1/77414201072_enfr_front_centre_marketing_A_1_GS1_Ecommerce_120.png",
                      "smallUrl": "https://digital.loblaws.ca/PCX/21675604_EA/en/1/77414201072_enfr_front_centre_marketing_A_1_GS1_Ecommerce_250.png",
                      "mediumUrl": "https://digital.loblaws.ca/PCX/21675604_EA/en/1/77414201072_enfr_front_centre_marketing_A_1_GS1_Ecommerce_400.png",
                      "largeUrl": "https://digital.loblaws.ca/PCX/21675604_EA/en/1/77414201072_enfr_front_centre_marketing_A_1_GS1_Ecommerce_800.png",
                      "extraLargeUrl": "https://digital.loblaws.ca/PCX/21675604_EA/en/1/77414201072_enfr_front_centre_marketing_A_1_GS1_Ecommerce_1200.png",
                      "smallRetinaUrl": "https://digital.loblaws.ca/PCX/21675604_EA/en/1/77414201072_enfr_front_centre_marketing_A_1_GS1_Ecommerce_250.png",
                      "mediumRetinaUrl": "https://digital.loblaws.ca/PCX/21675604_EA/en/1/77414201072_enfr_front_centre_marketing_A_1_GS1_Ecommerce_400.png",
                      "largeRetinaUrl": "https://digital.loblaws.ca/PCX/21675604_EA/en/1/77414201072_enfr_front_centre_marketing_A_1_GS1_Ecommerce_800.png"
                    }
                  ],
                  "brand": "Lilydale",
                  "title": "Cooked Turkey Breast",
                  "description": null,
                  "packageSizing": "500 g, $2.20/100g",
                  "pricing": {
                    "price": "10.99",
                    "wasPrice": null,
                    "displayPrice": "$10.99",
                    "memberOnlyPrice": null,
                    "mopDisplayPrice": null,
                    "ehfTotal": null,
                    "environmentalHandlingFee": null,
                    "taxInfo": ""
                  },
                  "pricingUnits": {
                    "type": "SOLD_BY_EACH",
                    "unit": "ea",
                    "interval": 1,
                    "minOrderQuantity": 1,
                    "maxOrderQuantity": 25,
                    "weighted": false
                  },
                  "deal": null,
                  "mopDeal": null,
                  "pcoDeal": null,
                  "inventoryIndicator": null,
                  "offerType": "OG",
                  "offerId": "OG",
                  "action": null,
                  "isVariant": false,
                  "link": "/en/cooked-turkey-breast/p/21675604_EA",
                  "productVendor": null,
                  "productVariant": null,
                  "textBadge": "",
                  "variantTheme": null,
                  "articleNumber": "21675604",
                  "uom": "EA",
                  "sponsoredCreative": null,
                  "isSponsored": false,
                  "isComplementarySponsored": false,
                  "complementarySponsoredBadgeText": null,
                  "productBadge": {
                    "badgeId": "PREPARED_IN_CANADA",
                    "badgeClass": "badge11",
                    "text": "Prepared in Canada",
                    "icon": {
                      "url": "https://dis-prod.assetful.loblaw.ca/content/dam/loblaw-companies-limited/creative-assets/pc-optimum/global-list/maple-leaf-red.png",
                      "altText": "",
                      "placement": "LEFT"
                    }
                  }
                },
                {
                  "index": 39,
                  "promotions": [],
                  "productId": "20058967_KG",
                  "productImage": [
                    {
                      "imageUrl": "https://digital.loblaws.ca/PCX/20058967_KG/en/1/20058967_en_front_1200.png",
                      "thumbnailUrl": "https://digital.loblaws.ca/PCX/20058967_KG/en/1/20058967_en_front_120.png",
                      "smallUrl": "https://digital.loblaws.ca/PCX/20058967_KG/en/1/20058967_en_front_250.png",
                      "mediumUrl": "https://digital.loblaws.ca/PCX/20058967_KG/en/1/20058967_en_front_400.png",
                      "largeUrl": "https://digital.loblaws.ca/PCX/20058967_KG/en/1/20058967_en_front_800.png",
                      "extraLargeUrl": "https://digital.loblaws.ca/PCX/20058967_KG/en/1/20058967_en_front_1200.png",
                      "smallRetinaUrl": "https://digital.loblaws.ca/PCX/20058967_KG/en/1/20058967_en_front_250.png",
                      "mediumRetinaUrl": "https://digital.loblaws.ca/PCX/20058967_KG/en/1/20058967_en_front_400.png",
                      "largeRetinaUrl": "https://digital.loblaws.ca/PCX/20058967_KG/en/1/20058967_en_front_800.png"
                    }
                  ],
                  "brand": null,
                  "title": "Turkey Breast",
                  "description": "Turkey is a flavourful and lean white meat available both whole and as parts. Roast turkey breast and serve with salad or in a sandwich, and drumsticks taste great barbecued.",
                  "packageSizing": "$14.97/1kg $6.79/1lb",
                  "pricing": {
                    "price": "11.74",
                    "wasPrice": null,
                    "displayPrice": "about $11.74",
                    "memberOnlyPrice": null,
                    "mopDisplayPrice": null,
                    "ehfTotal": null,
                    "environmentalHandlingFee": null,
                    "taxInfo": ""
                  },
                  "pricingUnits": {
                    "type": "SOLD_BY_EACH_PRICED_BY_WEIGHT",
                    "unit": "ea",
                    "interval": 1,
                    "minOrderQuantity": 1,
                    "maxOrderQuantity": 24,
                    "weighted": false
                  },
                  "deal": null,
                  "mopDeal": null,
                  "pcoDeal": null,
                  "inventoryIndicator": {
                    "indicatorId": "OUT",
                    "text": "Out of Stock"
                  },
                  "offerType": "OG",
                  "offerId": "OG",
                  "action": null,
                  "isVariant": false,
                  "link": "/en/turkey-breast/p/20058967_KG",
                  "productVendor": null,
                  "productVariant": null,
                  "textBadge": "out-of-stock",
                  "variantTheme": null,
                  "articleNumber": "20058967",
                  "uom": "KG",
                  "sponsoredCreative": null,
                  "isSponsored": false,
                  "isComplementarySponsored": false,
                  "complementarySponsoredBadgeText": null,
                  "productBadge": {
                    "badgeId": "PREPARED_IN_CANADA",
                    "badgeClass": "badge11",
                    "text": "Prepared in Canada",
                    "icon": {
                      "url": "https://dis-prod.assetful.loblaw.ca/content/dam/loblaw-companies-limited/creative-assets/pc-optimum/global-list/maple-leaf-red.png",
                      "altText": "",
                      "placement": "LEFT"
                    }
                  }
                },
                {
                  "index": 40,
                  "promotions": [],
                  "productId": "21542596_EA",
                  "productImage": [
                    {
                      "imageUrl": "https://digital.loblaws.ca/PCX/21542596_EA/en/1/21542596_en_front_1200.png",
                      "thumbnailUrl": "https://digital.loblaws.ca/PCX/21542596_EA/en/1/21542596_en_front_120.png",
                      "smallUrl": "https://digital.loblaws.ca/PCX/21542596_EA/en/1/21542596_en_front_250.png",
                      "mediumUrl": "https://digital.loblaws.ca/PCX/21542596_EA/en/1/21542596_en_front_400.png",
                      "largeUrl": "https://digital.loblaws.ca/PCX/21542596_EA/en/1/21542596_en_front_800.png",
                      "extraLargeUrl": "https://digital.loblaws.ca/PCX/21542596_EA/en/1/21542596_en_front_1200.png",
                      "smallRetinaUrl": "https://digital.loblaws.ca/PCX/21542596_EA/en/1/21542596_en_front_250.png",
                      "mediumRetinaUrl": "https://digital.loblaws.ca/PCX/21542596_EA/en/1/21542596_en_front_400.png",
                      "largeRetinaUrl": "https://digital.loblaws.ca/PCX/21542596_EA/en/1/21542596_en_front_800.png"
                    }
                  ],
                  "brand": "Solmaz",
                  "title": "Halal Turkey Breast Smoked Oven Roasted",
                  "description": "Savor the delicious, smoky flavor of real woodchip smoked turkey breast. Perfect for sandwiches, salads, or a light meal. Zabeeha by hand.",
                  "packageSizing": "175 g, $3.43/100g",
                  "pricing": {
                    "price": "6.00",
                    "wasPrice": null,
                    "displayPrice": "$6.00",
                    "memberOnlyPrice": null,
                    "mopDisplayPrice": null,
                    "ehfTotal": null,
                    "environmentalHandlingFee": null,
                    "taxInfo": ""
                  },
                  "pricingUnits": {
                    "type": "SOLD_BY_EACH",
                    "unit": "ea",
                    "interval": 1,
                    "minOrderQuantity": 1,
                    "maxOrderQuantity": 24,
                    "weighted": false
                  },
                  "deal": null,
                  "mopDeal": null,
                  "pcoDeal": null,
                  "inventoryIndicator": null,
                  "offerType": "OG",
                  "offerId": "OG",
                  "action": null,
                  "isVariant": false,
                  "link": "/en/halal-turkey-breast-smoked-oven-roasted/p/21542596_EA",
                  "productVendor": null,
                  "productVariant": null,
                  "textBadge": "",
                  "variantTheme": null,
                  "articleNumber": "21542596",
                  "uom": "EA",
                  "sponsoredCreative": null,
                  "isSponsored": false,
                  "isComplementarySponsored": false,
                  "complementarySponsoredBadgeText": null,
                  "productBadge": {
                    "badgeId": "PREPARED_IN_CANADA",
                    "badgeClass": "badge11",
                    "text": "Prepared in Canada",
                    "icon": {
                      "url": "https://dis-prod.assetful.loblaw.ca/content/dam/loblaw-companies-limited/creative-assets/pc-optimum/global-list/maple-leaf-red.png",
                      "altText": "",
                      "placement": "LEFT"
                    }
                  }
                },
                {
                  "index": 41,
                  "promotions": [],
                  "productId": "21455820_EA",
                  "productImage": [
                    {
                      "imageUrl": "https://digital.loblaws.ca/PCX/21455820_EA/en/1/21455820_en_front_1200.png",
                      "thumbnailUrl": "https://digital.loblaws.ca/PCX/21455820_EA/en/1/21455820_en_front_120.png",
                      "smallUrl": "https://digital.loblaws.ca/PCX/21455820_EA/en/1/21455820_en_front_250.png",
                      "mediumUrl": "https://digital.loblaws.ca/PCX/21455820_EA/en/1/21455820_en_front_400.png",
                      "largeUrl": "https://digital.loblaws.ca/PCX/21455820_EA/en/1/21455820_en_front_800.png",
                      "extraLargeUrl": "https://digital.loblaws.ca/PCX/21455820_EA/en/1/21455820_en_front_1200.png",
                      "smallRetinaUrl": "https://digital.loblaws.ca/PCX/21455820_EA/en/1/21455820_en_front_250.png",
                      "mediumRetinaUrl": "https://digital.loblaws.ca/PCX/21455820_EA/en/1/21455820_en_front_400.png",
                      "largeRetinaUrl": "https://digital.loblaws.ca/PCX/21455820_EA/en/1/21455820_en_front_800.png"
                    }
                  ],
                  "brand": "Schneiders",
                  "title": "Smoked Black Forest Ham & Seasoned Turkey Breast Combo Pack",
                  "description": "<p>Make your next sandwich a double-decker with Main Street Deli™ Smoked Black Forest Ham & Seasoned Turkey Breast Combo Pack. Crafted with quality cuts of meat, this combo pack features slices of smoked Black Forest ham and seasoned turkey breast deli meat, letting you easily build a hearty sub or club sandwich. The convenient bulk package makes it easy to craft sandwiches for the entire family. A brand of Maple Leaf Foods, Main Street Deli™ is proud to be a part of feeding millions of Canadians, every single day.</p><ul><li>ENJOY ANYTIME: Enjoy a filling sandwich with this duo of deli meat</li><li>QUALITY CUTS: Only quality cuts of meat are used to create this delicious lunch meat</li><li>CONVENIENT COMBO PACK: Combo pack contains slices of smoked Black Forest ham and seasoned turkey breast</li><li>SEASONED JUST RIGHT: Meat is lightly seasoned for delicious taste</li><li>PROUDLY CANADIAN BRAND: Main Street Deli™ is part of the Maple Leaf Foods family of brands</li></ul>",
                  "packageSizing": "500 g, $2.40/100g",
                  "pricing": {
                    "price": "11.99",
                    "wasPrice": null,
                    "displayPrice": "$11.99",
                    "memberOnlyPrice": null,
                    "mopDisplayPrice": null,
                    "ehfTotal": null,
                    "environmentalHandlingFee": null,
                    "taxInfo": ""
                  },
                  "pricingUnits": {
                    "type": "SOLD_BY_EACH",
                    "unit": "ea",
                    "interval": 1,
                    "minOrderQuantity": 1,
                    "maxOrderQuantity": 24,
                    "weighted": false
                  },
                  "deal": null,
                  "mopDeal": null,
                  "pcoDeal": null,
                  "inventoryIndicator": null,
                  "offerType": "OG",
                  "offerId": "OG",
                  "action": null,
                  "isVariant": false,
                  "link": "/en/smoked-black-forest-ham-seasoned-turkey-breast-com/p/21455820_EA",
                  "productVendor": null,
                  "productVariant": null,
                  "textBadge": "",
                  "variantTheme": null,
                  "articleNumber": "21455820",
                  "uom": "EA",
                  "sponsoredCreative": null,
                  "isSponsored": false,
                  "isComplementarySponsored": false,
                  "complementarySponsoredBadgeText": null,
                  "productBadge": {
                    "badgeId": "PREPARED_IN_CANADA",
                    "badgeClass": "badge11",
                    "text": "Prepared in Canada",
                    "icon": {
                      "url": "https://dis-prod.assetful.loblaw.ca/content/dam/loblaw-companies-limited/creative-assets/pc-optimum/global-list/maple-leaf-red.png",
                      "altText": "",
                      "placement": "LEFT"
                    }
                  }
                },
                {
                  "index": 42,
                  "promotions": [],
                  "productId": "21124853_KG",
                  "productImage": [
                    {
                      "imageUrl": "https://digital.loblaws.ca/PCX/21124853_KG/en/1/21124853_enfr_front_v1_1200.png",
                      "thumbnailUrl": "https://digital.loblaws.ca/PCX/21124853_KG/en/1/21124853_enfr_front_v1_120.png",
                      "smallUrl": "https://digital.loblaws.ca/PCX/21124853_KG/en/1/21124853_enfr_front_v1_250.png",
                      "mediumUrl": "https://digital.loblaws.ca/PCX/21124853_KG/en/1/21124853_enfr_front_v1_400.png",
                      "largeUrl": "https://digital.loblaws.ca/PCX/21124853_KG/en/1/21124853_enfr_front_v1_800.png",
                      "extraLargeUrl": "https://digital.loblaws.ca/PCX/21124853_KG/en/1/21124853_enfr_front_v1_1200.png",
                      "smallRetinaUrl": "https://digital.loblaws.ca/PCX/21124853_KG/en/1/21124853_enfr_front_v1_250.png",
                      "mediumRetinaUrl": "https://digital.loblaws.ca/PCX/21124853_KG/en/1/21124853_enfr_front_v1_400.png",
                      "largeRetinaUrl": "https://digital.loblaws.ca/PCX/21124853_KG/en/1/21124853_enfr_front_v1_800.png"
                    }
                  ],
                  "brand": "President's Choice",
                  "title": "Free From Turkey Breast Fillet",
                  "description": "<p>When you want the classic flavours of Thanksgiving dinner without the hassle of a whole bird, prepare Free From Turkey Breast Fillet. Made from grain-fed turkey raised without the use of antibiotics, it's a great option for weekday dinner.</p>",
                  "packageSizing": "$28.64/1kg $12.99/1lb",
                  "pricing": {
                    "price": "9.11",
                    "wasPrice": null,
                    "displayPrice": "about $9.11",
                    "memberOnlyPrice": null,
                    "mopDisplayPrice": null,
                    "ehfTotal": null,
                    "environmentalHandlingFee": null,
                    "taxInfo": ""
                  },
                  "pricingUnits": {
                    "type": "SOLD_BY_EACH_PRICED_BY_WEIGHT",
                    "unit": "ea",
                    "interval": 1,
                    "minOrderQuantity": 1,
                    "maxOrderQuantity": 24,
                    "weighted": false
                  },
                  "deal": null,
                  "mopDeal": null,
                  "pcoDeal": null,
                  "inventoryIndicator": {
                    "indicatorId": "LOW",
                    "text": "Low Stock"
                  },
                  "offerType": "OG",
                  "offerId": "OG",
                  "action": null,
                  "isVariant": false,
                  "link": "/en/free-from-turkey-breast-fillet/p/21124853_KG",
                  "productVendor": null,
                  "productVariant": null,
                  "textBadge": "low-inventory",
                  "variantTheme": null,
                  "articleNumber": "21124853",
                  "uom": "KG",
                  "sponsoredCreative": null,
                  "isSponsored": false,
                  "isComplementarySponsored": false,
                  "complementarySponsoredBadgeText": null,
                  "productBadge": {
                    "badgeId": "PREPARED_IN_CANADA",
                    "badgeClass": "badge11",
                    "text": "Prepared in Canada",
                    "icon": {
                      "url": "https://dis-prod.assetful.loblaw.ca/content/dam/loblaw-companies-limited/creative-assets/pc-optimum/global-list/maple-leaf-red.png",
                      "altText": "",
                      "placement": "LEFT"
                    }
                  }
                },
                {
                  "index": 43,
                  "promotions": [],
                  "productId": "21611375_EA",
                  "productImage": [
                    {
                      "imageUrl": "https://digital.loblaws.ca/PCX/21611375_EA/en/1/21611375_en_front_1200.png",
                      "thumbnailUrl": "https://digital.loblaws.ca/PCX/21611375_EA/en/1/21611375_en_front_120.png",
                      "smallUrl": "https://digital.loblaws.ca/PCX/21611375_EA/en/1/21611375_en_front_250.png",
                      "mediumUrl": "https://digital.loblaws.ca/PCX/21611375_EA/en/1/21611375_en_front_400.png",
                      "largeUrl": "https://digital.loblaws.ca/PCX/21611375_EA/en/1/21611375_en_front_800.png",
                      "extraLargeUrl": "https://digital.loblaws.ca/PCX/21611375_EA/en/1/21611375_en_front_1200.png",
                      "smallRetinaUrl": "https://digital.loblaws.ca/PCX/21611375_EA/en/1/21611375_en_front_250.png",
                      "mediumRetinaUrl": "https://digital.loblaws.ca/PCX/21611375_EA/en/1/21611375_en_front_400.png",
                      "largeRetinaUrl": "https://digital.loblaws.ca/PCX/21611375_EA/en/1/21611375_en_front_800.png"
                    }
                  ],
                  "brand": "Gold Label",
                  "title": "Delicatessen Originals Turkey Breast",
                  "description": null,
                  "packageSizing": "375 g, $2.13/100g",
                  "pricing": {
                    "price": "8.00",
                    "wasPrice": null,
                    "displayPrice": "$8.00",
                    "memberOnlyPrice": null,
                    "mopDisplayPrice": null,
                    "ehfTotal": null,
                    "environmentalHandlingFee": null,
                    "taxInfo": ""
                  },
                  "pricingUnits": {
                    "type": "SOLD_BY_EACH",
                    "unit": "ea",
                    "interval": 1,
                    "minOrderQuantity": 1,
                    "maxOrderQuantity": 25,
                    "weighted": false
                  },
                  "deal": null,
                  "mopDeal": null,
                  "pcoDeal": null,
                  "inventoryIndicator": null,
                  "offerType": "OG",
                  "offerId": "OG",
                  "action": null,
                  "isVariant": false,
                  "link": "/en/delicatessen-originals-turkey-breast/p/21611375_EA",
                  "productVendor": null,
                  "productVariant": null,
                  "textBadge": "",
                  "variantTheme": null,
                  "articleNumber": "21611375",
                  "uom": "EA",
                  "sponsoredCreative": null,
                  "isSponsored": false,
                  "isComplementarySponsored": false,
                  "complementarySponsoredBadgeText": null,
                  "productBadge": {
                    "badgeId": "PREPARED_IN_CANADA",
                    "badgeClass": "badge11",
                    "text": "Prepared in Canada",
                    "icon": {
                      "url": "https://dis-prod.assetful.loblaw.ca/content/dam/loblaw-companies-limited/creative-assets/pc-optimum/global-list/maple-leaf-red.png",
                      "altText": "",
                      "placement": "LEFT"
                    }
                  }
                },
                {
                  "index": 44,
                  "promotions": [],
                  "productId": "21124825_KG",
                  "productImage": [
                    {
                      "imageUrl": "https://digital.loblaws.ca/PCX/21124825_KG/en/1/21124825_enfr_front_v1_1200.png",
                      "thumbnailUrl": "https://digital.loblaws.ca/PCX/21124825_KG/en/1/21124825_enfr_front_v1_120.png",
                      "smallUrl": "https://digital.loblaws.ca/PCX/21124825_KG/en/1/21124825_enfr_front_v1_250.png",
                      "mediumUrl": "https://digital.loblaws.ca/PCX/21124825_KG/en/1/21124825_enfr_front_v1_400.png",
                      "largeUrl": "https://digital.loblaws.ca/PCX/21124825_KG/en/1/21124825_enfr_front_v1_800.png",
                      "extraLargeUrl": "https://digital.loblaws.ca/PCX/21124825_KG/en/1/21124825_enfr_front_v1_1200.png",
                      "smallRetinaUrl": "https://digital.loblaws.ca/PCX/21124825_KG/en/1/21124825_enfr_front_v1_250.png",
                      "mediumRetinaUrl": "https://digital.loblaws.ca/PCX/21124825_KG/en/1/21124825_enfr_front_v1_400.png",
                      "largeRetinaUrl": "https://digital.loblaws.ca/PCX/21124825_KG/en/1/21124825_enfr_front_v1_800.png"
                    }
                  ],
                  "brand": "President's Choice",
                  "title": "Free From Skinless Boneless Turkey Breast Strips",
                  "description": "<p>Free From Skinless Boneless Turkey Breast Strips are perfect for frying up with your favourite vegetables. Raised without antibiotics by Canadian farmers, it's made from specially selected and trimmed turkey.</p>",
                  "packageSizing": "$28.64/1kg $12.99/1lb",
                  "pricing": {
                    "price": "10.25",
                    "wasPrice": null,
                    "displayPrice": "about $10.25",
                    "memberOnlyPrice": null,
                    "mopDisplayPrice": null,
                    "ehfTotal": null,
                    "environmentalHandlingFee": null,
                    "taxInfo": ""
                  },
                  "pricingUnits": {
                    "type": "SOLD_BY_EACH_PRICED_BY_WEIGHT",
                    "unit": "ea",
                    "interval": 1,
                    "minOrderQuantity": 1,
                    "maxOrderQuantity": 24,
                    "weighted": false
                  },
                  "deal": null,
                  "mopDeal": null,
                  "pcoDeal": null,
                  "inventoryIndicator": {
                    "indicatorId": "OUT",
                    "text": "Out of Stock"
                  },
                  "offerType": "OG",
                  "offerId": "OG",
                  "action": null,
                  "isVariant": false,
                  "link": "/en/free-from-skinless-boneless-turkey-breast-strips/p/21124825_KG",
                  "productVendor": null,
                  "productVariant": null,
                  "textBadge": "out-of-stock",
                  "variantTheme": null,
                  "articleNumber": "21124825",
                  "uom": "KG",
                  "sponsoredCreative": null,
                  "isSponsored": false,
                  "isComplementarySponsored": false,
                  "complementarySponsoredBadgeText": null,
                  "productBadge": {
                    "badgeId": "PREPARED_IN_CANADA",
                    "badgeClass": "badge11",
                    "text": "Prepared in Canada",
                    "icon": {
                      "url": "https://dis-prod.assetful.loblaw.ca/content/dam/loblaw-companies-limited/creative-assets/pc-optimum/global-list/maple-leaf-red.png",
                      "altText": "",
                      "placement": "LEFT"
                    }
                  }
                },
                {
                  "index": 45,
                  "promotions": [],
                  "productId": "21455822_EA",
                  "productImage": [
                    {
                      "imageUrl": "https://digital.loblaws.ca/PCX/21455822_EA/en/1/21455822_en_front_1200.png",
                      "thumbnailUrl": "https://digital.loblaws.ca/PCX/21455822_EA/en/1/21455822_en_front_120.png",
                      "smallUrl": "https://digital.loblaws.ca/PCX/21455822_EA/en/1/21455822_en_front_250.png",
                      "mediumUrl": "https://digital.loblaws.ca/PCX/21455822_EA/en/1/21455822_en_front_400.png",
                      "largeUrl": "https://digital.loblaws.ca/PCX/21455822_EA/en/1/21455822_en_front_800.png",
                      "extraLargeUrl": "https://digital.loblaws.ca/PCX/21455822_EA/en/1/21455822_en_front_1200.png",
                      "smallRetinaUrl": "https://digital.loblaws.ca/PCX/21455822_EA/en/1/21455822_en_front_250.png",
                      "mediumRetinaUrl": "https://digital.loblaws.ca/PCX/21455822_EA/en/1/21455822_en_front_400.png",
                      "largeRetinaUrl": "https://digital.loblaws.ca/PCX/21455822_EA/en/1/21455822_en_front_800.png"
                    }
                  ],
                  "brand": "Schneiders",
                  "title": "Cooked Ham & Smoked Turkey Breast Combo Pack",
                  "description": "<p>Make your next sandwich a double-decker with Main Street Deli™ Cooked Ham & Smoked Turkey Breast Combo Pack. Crafted with quality cuts of meat, this convenient combo pack features slices of cooked ham and smoked turkey breast deli meat, letting you easily build a hearty sub or club sandwich. The convenient bulk package makes it easy to craft sandwiches for the entire family. A brand of Maple Leaf Foods, Main Street Deli™ is proud to be a part of feeding millions of Canadians, every single day.</p><ul><li>ENJOY ANYTIME: Enjoy a filling club sandwich with this duo of deli meat</li><li>QUALITY CUTS: Only quality cuts of meat are used to create this delicious lunch meat</li><li>CONVENIENT COMBO PACK: Variety pack contains slices of cooked ham and smoked turkey sandwich meat</li><li>SEASONED JUST RIGHT: Meat is lightly seasoned for delicious taste</li><li>PROUDLY CANADIAN BRAND: Main Street Deli™ is part of the Maple Leaf Foods family of brands</li></ul>",
                  "packageSizing": "500 g, $2.40/100g",
                  "pricing": {
                    "price": "11.99",
                    "wasPrice": null,
                    "displayPrice": "$11.99",
                    "memberOnlyPrice": null,
                    "mopDisplayPrice": null,
                    "ehfTotal": null,
                    "environmentalHandlingFee": null,
                    "taxInfo": ""
                  },
                  "pricingUnits": {
                    "type": "SOLD_BY_EACH",
                    "unit": "ea",
                    "interval": 1,
                    "minOrderQuantity": 1,
                    "maxOrderQuantity": 24,
                    "weighted": false
                  },
                  "deal": null,
                  "mopDeal": null,
                  "pcoDeal": null,
                  "inventoryIndicator": {
                    "indicatorId": "LOW",
                    "text": "Low Stock"
                  },
                  "offerType": "OG",
                  "offerId": "OG",
                  "action": null,
                  "isVariant": false,
                  "link": "/en/cooked-ham-smoked-turkey-breast-combo-pack/p/21455822_EA",
                  "productVendor": null,
                  "productVariant": null,
                  "textBadge": "low-inventory",
                  "variantTheme": null,
                  "articleNumber": "21455822",
                  "uom": "EA",
                  "sponsoredCreative": null,
                  "isSponsored": false,
                  "isComplementarySponsored": false,
                  "complementarySponsoredBadgeText": null,
                  "productBadge": {
                    "badgeId": "PREPARED_IN_CANADA",
                    "badgeClass": "badge11",
                    "text": "Prepared in Canada",
                    "icon": {
                      "url": "https://dis-prod.assetful.loblaw.ca/content/dam/loblaw-companies-limited/creative-assets/pc-optimum/global-list/maple-leaf-red.png",
                      "altText": "",
                      "placement": "LEFT"
                    }
                  }
                },
                {
                  "index": 46,
                  "promotions": [],
                  "productId": "21633217_EA",
                  "productImage": [
                    {
                      "imageUrl": "https://digital.loblaws.ca/PCX/21633217_EA/en/1/62845153347_enfr_front_centre_marketing_GS1_Ecommerce_1200.png",
                      "thumbnailUrl": "https://digital.loblaws.ca/PCX/21633217_EA/en/1/62845153347_enfr_front_centre_marketing_GS1_Ecommerce_120.png",
                      "smallUrl": "https://digital.loblaws.ca/PCX/21633217_EA/en/1/62845153347_enfr_front_centre_marketing_GS1_Ecommerce_250.png",
                      "mediumUrl": "https://digital.loblaws.ca/PCX/21633217_EA/en/1/62845153347_enfr_front_centre_marketing_GS1_Ecommerce_400.png",
                      "largeUrl": "https://digital.loblaws.ca/PCX/21633217_EA/en/1/62845153347_enfr_front_centre_marketing_GS1_Ecommerce_800.png",
                      "extraLargeUrl": "https://digital.loblaws.ca/PCX/21633217_EA/en/1/62845153347_enfr_front_centre_marketing_GS1_Ecommerce_1200.png",
                      "smallRetinaUrl": "https://digital.loblaws.ca/PCX/21633217_EA/en/1/62845153347_enfr_front_centre_marketing_GS1_Ecommerce_250.png",
                      "mediumRetinaUrl": "https://digital.loblaws.ca/PCX/21633217_EA/en/1/62845153347_enfr_front_centre_marketing_GS1_Ecommerce_400.png",
                      "largeRetinaUrl": "https://digital.loblaws.ca/PCX/21633217_EA/en/1/62845153347_enfr_front_centre_marketing_GS1_Ecommerce_800.png"
                    }
                  ],
                  "brand": "Solmaz",
                  "title": "Smoked Montreal Style Turkey Breast",
                  "description": null,
                  "packageSizing": "175 g, $3.43/100g",
                  "pricing": {
                    "price": "6.00",
                    "wasPrice": null,
                    "displayPrice": "$6.00",
                    "memberOnlyPrice": null,
                    "mopDisplayPrice": null,
                    "ehfTotal": null,
                    "environmentalHandlingFee": null,
                    "taxInfo": ""
                  },
                  "pricingUnits": {
                    "type": "SOLD_BY_EACH",
                    "unit": "ea",
                    "interval": 1,
                    "minOrderQuantity": 1,
                    "maxOrderQuantity": 24,
                    "weighted": false
                  },
                  "deal": null,
                  "mopDeal": null,
                  "pcoDeal": null,
                  "inventoryIndicator": null,
                  "offerType": "OG",
                  "offerId": "OG",
                  "action": null,
                  "isVariant": false,
                  "link": "/en/smoked-montreal-style-turkey-breast/p/21633217_EA",
                  "productVendor": null,
                  "productVariant": null,
                  "textBadge": "",
                  "variantTheme": null,
                  "articleNumber": "21633217",
                  "uom": "EA",
                  "sponsoredCreative": null,
                  "isSponsored": false,
                  "isComplementarySponsored": false,
                  "complementarySponsoredBadgeText": null,
                  "productBadge": {
                    "badgeId": "PREPARED_IN_CANADA",
                    "badgeClass": "badge11",
                    "text": "Prepared in Canada",
                    "icon": {
                      "url": "https://dis-prod.assetful.loblaw.ca/content/dam/loblaw-companies-limited/creative-assets/pc-optimum/global-list/maple-leaf-red.png",
                      "altText": "",
                      "placement": "LEFT"
                    }
                  }
                },
                {
                  "index": 47,
                  "promotions": [],
                  "productId": "20159250_KG",
                  "productImage": [
                    {
                      "imageUrl": "https://digital.loblaws.ca/PCX/20159250_KG/en/1/20159250_en_front_1200.png",
                      "thumbnailUrl": "https://digital.loblaws.ca/PCX/20159250_KG/en/1/20159250_en_front_120.png",
                      "smallUrl": "https://digital.loblaws.ca/PCX/20159250_KG/en/1/20159250_en_front_250.png",
                      "mediumUrl": "https://digital.loblaws.ca/PCX/20159250_KG/en/1/20159250_en_front_400.png",
                      "largeUrl": "https://digital.loblaws.ca/PCX/20159250_KG/en/1/20159250_en_front_800.png",
                      "extraLargeUrl": "https://digital.loblaws.ca/PCX/20159250_KG/en/1/20159250_en_front_1200.png",
                      "smallRetinaUrl": "https://digital.loblaws.ca/PCX/20159250_KG/en/1/20159250_en_front_250.png",
                      "mediumRetinaUrl": "https://digital.loblaws.ca/PCX/20159250_KG/en/1/20159250_en_front_400.png",
                      "largeRetinaUrl": "https://digital.loblaws.ca/PCX/20159250_KG/en/1/20159250_en_front_800.png"
                    }
                  ],
                  "brand": null,
                  "title": "Turkey Breast Boneless",
                  "description": "Turkey is a flavourful and lean white meat available both whole and as parts. Roast turkey breast and serve with salad or in a sandwich, and drumsticks taste great barbecued.",
                  "packageSizing": "$22.02/1kg $9.99/1lb",
                  "pricing": {
                    "price": "10.55",
                    "wasPrice": null,
                    "displayPrice": "about $10.55",
                    "memberOnlyPrice": null,
                    "mopDisplayPrice": null,
                    "ehfTotal": null,
                    "environmentalHandlingFee": null,
                    "taxInfo": ""
                  },
                  "pricingUnits": {
                    "type": "SOLD_BY_EACH_PRICED_BY_WEIGHT",
                    "unit": "ea",
                    "interval": 1,
                    "minOrderQuantity": 1,
                    "maxOrderQuantity": 25,
                    "weighted": false
                  },
                  "deal": null,
                  "mopDeal": null,
                  "pcoDeal": null,
                  "inventoryIndicator": {
                    "indicatorId": "OUT",
                    "text": "Out of Stock"
                  },
                  "offerType": "OG",
                  "offerId": "OG",
                  "action": null,
                  "isVariant": false,
                  "link": "/en/turkey-breast-boneless/p/20159250_KG",
                  "productVendor": null,
                  "productVariant": null,
                  "textBadge": "out-of-stock",
                  "variantTheme": null,
                  "articleNumber": "20159250",
                  "uom": "KG",
                  "sponsoredCreative": null,
                  "isSponsored": false,
                  "isComplementarySponsored": false,
                  "complementarySponsoredBadgeText": null,
                  "productBadge": {
                    "badgeId": "PREPARED_IN_CANADA",
                    "badgeClass": "badge11",
                    "text": "Prepared in Canada",
                    "icon": {
                      "url": "https://dis-prod.assetful.loblaw.ca/content/dam/loblaw-companies-limited/creative-assets/pc-optimum/global-list/maple-leaf-red.png",
                      "altText": "",
                      "placement": "LEFT"
                    }
                  }
                },
                {
                  "index": 48,
                  "promotions": [],
                  "productId": "21611398_EA",
                  "productImage": [
                    {
                      "imageUrl": "https://digital.loblaws.ca/PCX/21611398_EA/en/1/21611398_enfr_front_1200.png",
                      "thumbnailUrl": "https://digital.loblaws.ca/PCX/21611398_EA/en/1/21611398_enfr_front_120.png",
                      "smallUrl": "https://digital.loblaws.ca/PCX/21611398_EA/en/1/21611398_enfr_front_250.png",
                      "mediumUrl": "https://digital.loblaws.ca/PCX/21611398_EA/en/1/21611398_enfr_front_400.png",
                      "largeUrl": "https://digital.loblaws.ca/PCX/21611398_EA/en/1/21611398_enfr_front_800.png",
                      "extraLargeUrl": "https://digital.loblaws.ca/PCX/21611398_EA/en/1/21611398_enfr_front_1200.png",
                      "smallRetinaUrl": "https://digital.loblaws.ca/PCX/21611398_EA/en/1/21611398_enfr_front_250.png",
                      "mediumRetinaUrl": "https://digital.loblaws.ca/PCX/21611398_EA/en/1/21611398_enfr_front_400.png",
                      "largeRetinaUrl": "https://digital.loblaws.ca/PCX/21611398_EA/en/1/21611398_enfr_front_800.png"
                    }
                  ],
                  "brand": "Gold Label",
                  "title": "Delicatessen Originals Turkey Breast Black Forest Ham",
                  "description": null,
                  "packageSizing": "400 g, $2.00/100g",
                  "pricing": {
                    "price": "8.00",
                    "wasPrice": null,
                    "displayPrice": "$8.00",
                    "memberOnlyPrice": null,
                    "mopDisplayPrice": null,
                    "ehfTotal": null,
                    "environmentalHandlingFee": null,
                    "taxInfo": ""
                  },
                  "pricingUnits": {
                    "type": "SOLD_BY_EACH",
                    "unit": "ea",
                    "interval": 1,
                    "minOrderQuantity": 1,
                    "maxOrderQuantity": 25,
                    "weighted": false
                  },
                  "deal": null,
                  "mopDeal": null,
                  "pcoDeal": null,
                  "inventoryIndicator": null,
                  "offerType": "OG",
                  "offerId": "OG",
                  "action": null,
                  "isVariant": false,
                  "link": "/en/delicatessen-originals-turkey-breast-black-forest/p/21611398_EA",
                  "productVendor": null,
                  "productVariant": null,
                  "textBadge": "",
                  "variantTheme": null,
                  "articleNumber": "21611398",
                  "uom": "EA",
                  "sponsoredCreative": null,
                  "isSponsored": false,
                  "isComplementarySponsored": false,
                  "complementarySponsoredBadgeText": null,
                  "productBadge": {
                    "badgeId": "PREPARED_IN_CANADA",
                    "badgeClass": "badge11",
                    "text": "Prepared in Canada",
                    "icon": {
                      "url": "https://dis-prod.assetful.loblaw.ca/content/dam/loblaw-companies-limited/creative-assets/pc-optimum/global-list/maple-leaf-red.png",
                      "altText": "",
                      "placement": "LEFT"
                    }
                  }
                },
                {
                  "index": 49,
                  "promotions": [],
                  "productId": "21120887_EA",
                  "productImage": [
                    {
                      "imageUrl": "https://digital.loblaws.ca/PCX/21120887_EA/en/1/21120887_en_front_1200.png",
                      "thumbnailUrl": "https://digital.loblaws.ca/PCX/21120887_EA/en/1/21120887_en_front_120.png",
                      "smallUrl": "https://digital.loblaws.ca/PCX/21120887_EA/en/1/21120887_en_front_250.png",
                      "mediumUrl": "https://digital.loblaws.ca/PCX/21120887_EA/en/1/21120887_en_front_400.png",
                      "largeUrl": "https://digital.loblaws.ca/PCX/21120887_EA/en/1/21120887_en_front_800.png",
                      "extraLargeUrl": "https://digital.loblaws.ca/PCX/21120887_EA/en/1/21120887_en_front_1200.png",
                      "smallRetinaUrl": "https://digital.loblaws.ca/PCX/21120887_EA/en/1/21120887_en_front_250.png",
                      "mediumRetinaUrl": "https://digital.loblaws.ca/PCX/21120887_EA/en/1/21120887_en_front_400.png",
                      "largeRetinaUrl": "https://digital.loblaws.ca/PCX/21120887_EA/en/1/21120887_en_front_800.png"
                    }
                  ],
                  "brand": "Schneiders",
                  "title": "Hardwood Smoked Turkey Breast Snack Kit",
                  "description": "<p>The Schneiders® Hardwood Smoked Turkey Breast Snack Kit brings together meat, cheese, and crackers for a kid-favourite snack that has been thoughtfully reimagined for adults. Conveniently packaged, this cheese and charcuterie snack tray includes deliciously curated pairings: smoked turkey breast, sliced sharp white cheddar cheese, and toasted rounds for a healthy and delicious snack. Each cheese and charcuterie snack tray serving contains 14 grams of protein. Since 1890, Schneiders® brand has established a rich heritage of original and authentic recipes, using premium ingredients and taking all the time needed to honour the origin and inspiration of each recipe. Quality never gets old.™</p><ul><li>Cheese and charcuterie snack tray</li><li>Includes smoked turkey breast, sliced sharp white cheddar cheese, and toasted rounds</li><li>Deliciously curated pairings, conveniently packed</li><li>14g of protein per serving</li><li>Schneiders® brand: Uncompromising commitment to quality since 1890</li></ul>",
                  "packageSizing": "75 g, $3.99/100g",
                  "pricing": {
                    "price": "2.99",
                    "wasPrice": null,
                    "displayPrice": "$2.99",
                    "memberOnlyPrice": null,
                    "mopDisplayPrice": null,
                    "ehfTotal": null,
                    "environmentalHandlingFee": null,
                    "taxInfo": ""
                  },
                  "pricingUnits": {
                    "type": "SOLD_BY_EACH",
                    "unit": "ea",
                    "interval": 1,
                    "minOrderQuantity": 1,
                    "maxOrderQuantity": 24,
                    "weighted": false
                  },
                  "deal": null,
                  "mopDeal": null,
                  "pcoDeal": null,
                  "inventoryIndicator": null,
                  "offerType": "OG",
                  "offerId": "OG",
                  "action": null,
                  "isVariant": false,
                  "link": "/en/hardwood-smoked-turkey-breast-snack-kit/p/21120887_EA",
                  "productVendor": null,
                  "productVariant": null,
                  "textBadge": "",
                  "variantTheme": null,
                  "articleNumber": "21120887",
                  "uom": "EA",
                  "sponsoredCreative": null,
                  "isSponsored": false,
                  "isComplementarySponsored": false,
                  "complementarySponsoredBadgeText": null,
                  "productBadge": {
                    "badgeId": "PREPARED_IN_CANADA",
                    "badgeClass": "badge11",
                    "text": "Prepared in Canada",
                    "icon": {
                      "url": "https://dis-prod.assetful.loblaw.ca/content/dam/loblaw-companies-limited/creative-assets/pc-optimum/global-list/maple-leaf-red.png",
                      "altText": "",
                      "placement": "LEFT"
                    }
                  }
                },
                {
                  "index": 50,
                  "promotions": [],
                  "productId": "20066495_EA",
                  "productImage": [
                    {
                      "imageUrl": "https://digital.loblaws.ca/PCX/20066495_EA/en/1/20066495_en_front_1200.png",
                      "thumbnailUrl": "https://digital.loblaws.ca/PCX/20066495_EA/en/1/20066495_en_front_120.png",
                      "smallUrl": "https://digital.loblaws.ca/PCX/20066495_EA/en/1/20066495_en_front_250.png",
                      "mediumUrl": "https://digital.loblaws.ca/PCX/20066495_EA/en/1/20066495_en_front_400.png",
                      "largeUrl": "https://digital.loblaws.ca/PCX/20066495_EA/en/1/20066495_en_front_800.png",
                      "extraLargeUrl": "https://digital.loblaws.ca/PCX/20066495_EA/en/1/20066495_en_front_1200.png",
                      "smallRetinaUrl": "https://digital.loblaws.ca/PCX/20066495_EA/en/1/20066495_en_front_250.png",
                      "mediumRetinaUrl": "https://digital.loblaws.ca/PCX/20066495_EA/en/1/20066495_en_front_400.png",
                      "largeRetinaUrl": "https://digital.loblaws.ca/PCX/20066495_EA/en/1/20066495_en_front_800.png"
                    }
                  ],
                  "brand": "Maple Leaf",
                  "title": "Natural Selections Sliced Deli Chicken Breast, Oven Roasted",
                  "description": "<p>Create a tasty sandwich or wrap with Maple Leaf® Natural Selections® Oven Roasted Chicken Breast. Made with natural ingredients, quality cuts of chicken, this sliced sandwich meat is oven roasted for delicious, savoury flavour. The convenient resealable package ensures the deli meat stays fresh and ready to enjoy. Made for families, the Maple Leaf® brand offers premium meat using only natural ingredients with no artificial preservatives, flavours, colours, or sweeteners. Dedicated to providing wholesome, real food for Canadians for generations to come, Maple Leaf® is the first major food company in the world to become carbon neutral. Join them in their commitment to build a more sustainable planet.</p><ul><li>ENJOY ANYTIME: Sliced oven roasted chicken breast makes it easy to create a delicious sandwich or wrap</li><li>QUALITY CUTS: Maple Leaf® brand uses only quality cuts of roasted chicken to create this sandwich meat</li><li>OVEN ROASTED: Sliced meat is roasted in the oven for savoury flavour</li><li>SEASONED JUST RIGHT: Chicken is seasoned with just the right amount of natural ingredients</li><li>MADE BY A CARBON NEUTRAL COMPANY: Maple Leaf® products are made by a company that has been carbon neutral since 2019. Learn more about their commitment to carbon neutrality at mapleleaf.ca/carbonneutral</li></ul>",
                  "packageSizing": "175 g, $45.66/1kg $4.57/100g",
                  "pricing": {
                    "price": "7.99",
                    "wasPrice": null,
                    "displayPrice": "$7.99",
                    "memberOnlyPrice": null,
                    "mopDisplayPrice": null,
                    "ehfTotal": null,
                    "environmentalHandlingFee": null,
                    "taxInfo": ""
                  },
                  "pricingUnits": {
                    "type": "SOLD_BY_EACH",
                    "unit": "ea",
                    "interval": 1,
                    "minOrderQuantity": 1,
                    "maxOrderQuantity": 24,
                    "weighted": false
                  },
                  "deal": null,
                  "mopDeal": null,
                  "pcoDeal": null,
                  "inventoryIndicator": null,
                  "offerType": "OG",
                  "offerId": "OG",
                  "action": null,
                  "isVariant": false,
                  "link": "/en/natural-selections-sliced-deli-chicken-breast-oven/p/20066495_EA",
                  "productVendor": null,
                  "productVariant": null,
                  "textBadge": "",
                  "variantTheme": null,
                  "articleNumber": "20066495",
                  "uom": "EA",
                  "sponsoredCreative": null,
                  "isSponsored": false,
                  "isComplementarySponsored": false,
                  "complementarySponsoredBadgeText": null,
                  "productBadge": {
                    "badgeId": "PREPARED_IN_CANADA",
                    "badgeClass": "badge11",
                    "text": "Prepared in Canada",
                    "icon": {
                      "url": "https://dis-prod.assetful.loblaw.ca/content/dam/loblaw-companies-limited/creative-assets/pc-optimum/global-list/maple-leaf-red.png",
                      "altText": "",
                      "placement": "LEFT"
                    }
                  }
                }
              ],
              "button1": null,
              "headerGroup": null,
              "productTileType": null
            },
            "isSSR": true
          },
          {
            "componentId": "relatedSearchComponent",
            "contentId": "1T4QnUmEKqmMlciKuKl6U0-3",
            "variantId": null,
            "id": "1T4QnUmEKqmMlciKuKl6U0-3",
            "position": 9,
            "data": {
              "headerGroup": {
                "paragraph": null,
                "callToAction": null,
                "headline": {
                  "text": "Related Searches",
                  "alignment": "LEFT",
                  "variantId": "SMALL_04",
                  "headerType": "H4",
                  "callToAction": null
                },
                "desktopImage": null,
                "mobileImage": null,
                "tabletImage": null
              },
              "suggestions": [
                {
                  "text": "oven roasted turkey breast (thin sliced)",
                  "url": "search?search-bar=oven%20roasted%20turkey%20breast%20(thin%20sliced)"
                },
                {
                  "text": "turkey cold cuts",
                  "url": "search?search-bar=turkey%20cold%20cuts"
                },
                {
                  "text": "sliced turkey",
                  "url": "search?search-bar=sliced%20turkey"
                },
                {
                  "text": "natural selections shaved deli turkey breast, hickory smoked",
                  "url": "search?search-bar=natural%20selections%20shaved%20deli%20turkey%20breast,%20hickory%20smoked"
                },
                {
                  "text": "honey maple turkey",
                  "url": "search?search-bar=honey%20maple%20turkey"
                },
                {
                  "text": "oven roasted chicken breast",
                  "url": "search?search-bar=oven%20roasted%20chicken%20breast"
                },
                {
                  "text": "deli smoked turkey",
                  "url": "search?search-bar=deli%20smoked%20turkey"
                },
                {
                  "text": "montreal smoked turkey",
                  "url": "search?search-bar=montreal%20smoked%20turkey"
                },
                {
                  "text": "oven roasted turkey",
                  "url": "search?search-bar=oven%20roasted%20turkey"
                },
                {
                  "text": "smoked turkey deli",
                  "url": "search?search-bar=smoked%20turkey%20deli"
                },
                {
                  "text": "tomato basil turkey",
                  "url": "search?search-bar=tomato%20basil%20turkey"
                },
                {
                  "text": "oven roasted chicken breast (thin sliced)",
                  "url": "search?search-bar=oven%20roasted%20chicken%20breast%20(thin%20sliced)"
                },
                {
                  "text": "smoked black forest ham",
                  "url": "search?search-bar=smoked%20black%20forest%20ham"
                },
                {
                  "text": "black forest ham",
                  "url": "search?search-bar=black%20forest%20ham"
                },
                {
                  "text": "cajun turkey",
                  "url": "search?search-bar=cajun%20turkey"
                },
                {
                  "text": "turkey breast",
                  "url": "search?search-bar=turkey%20breast"
                },
                {
                  "text": "ziggy's turkey breast",
                  "url": "search?search-bar=ziggy's%20turkey%20breast"
                },
                {
                  "text": "sliced deli meat",
                  "url": "search?search-bar=sliced%20deli%20meat"
                },
                {
                  "text": "oven roasted chicken",
                  "url": "search?search-bar=oven%20roasted%20chicken"
                },
                {
                  "text": "sliced roast beef",
                  "url": "search?search-bar=sliced%20roast%20beef"
                }
              ]
            },
            "isSSR": true
          }
        ]
      }
    }
  },
  "viewMetaData": {
    "headline": "Sliced Turkey Breast - Products for Sale | Real Canadian Superstore",
    "description": "Browse Sliced Turkey Breast products for sale at a store near you. Schedule Delivery or Pickups Online. Subject to Availability.",
    "addMetaNoRobots": false,
    "canonicalUrlSlug": "search?search-bar=smoked%20turkey%20breast",
    "jsonLd": "{\"@context\":\"https://schema.org/\",\"@type\":\"WebPage\",\"name\":\"Sliced Turkey Breast - Products for Sale | Real Canadian Superstore\",\"url\":\"https://superstore.ca/search?search-bar\\u003dsliced-turkey-breast\",\"description\":\"Browse Sliced Turkey Breast products for sale at a store near you. Schedule Delivery or Pickups Online. Subject to Availability.\",\"mainEntity\":{\"@context\":\"https://schema.org/\",\"@type\":\"ProductCollection\",\"offers\":{\"@type\":\"Offer\",\"itemOffered\":[{\"@context\":\"https://schema.org/\",\"@type\":\"Product\",\"name\":\"Natural Selections Sliced Deli Turkey Breast, Oven Roasted\",\"url\":\"/en/natural-selections-sliced-deli-turkey-breast-oven/p/20009282_EA\",\"image\":\"https://digital.loblaws.ca/PCX/20009282_EA/en/1/20009282_en_front_1200.png\",\"sku\":\"20009282_EA\",\"description\":\"\\u003cp\\u003eCreate a tasty sandwich or wrap with Maple Leaf® Natural Selections® Sliced Oven Roasted Turkey Breast. Made with natural ingredients, these turkey slices are oven roasted for delicious, savoury flavour. The convenient resealable package helps keep the deli meat fresh and ready to enjoy. Made for families, the Maple Leaf® brand offers premium meat using only natural ingredients with no artificial preservatives, flavours, colours, or sweeteners. Dedicated to providing wholesome, real food for Canadians for generations to come, Maple Leaf® is the first major food company in the world to become carbon neutral. Join them in their commitment to build a more sustainable planet.\\u003c/p\\u003e\\u003cul\\u003e\\u003cli\\u003eENJOY ANYTIME: Sliced oven roasted turkey breast makes it easy to create a delicious sandwich\\u003c/li\\u003e\\u003cli\\u003ePREMIUM CUTS: The Maple Leaf® brand uses only our quality cuts of turkey breast to create this sandwich meat\\u003c/li\\u003e\\u003cli\\u003eOVEN ROASTED: Sliced turkey meat is roasted in the oven for savoury flavour\\u003c/li\\u003e\\u003cli\\u003eSEASONED JUST RIGHT: Turkey is seasoned with only natural ingredients\\u003c/li\\u003e\\u003cli\\u003eMADE BY A CARBON NEUTRAL COMPANY: Maple Leaf® products are made by a company that has been carbon neutral since 2019. Learn more about their commitment to carbon neutrality at mapleleaf.ca/carbonneutral\\u003c/li\\u003e\\u003c/ul\\u003e\",\"brand\":\"Maple Leaf\",\"offers\":{\"@type\":\"Offer\",\"price\":7.99,\"priceCurrency\":\"CAD\",\"itemCondition\":\"https://schema.org/NewCondition\",\"url\":\"/en/natural-selections-sliced-deli-turkey-breast-oven/p/20009282_EA\"}},{\"@context\":\"https://schema.org/\",\"@type\":\"Product\",\"name\":\"Oven-Roasted Turkey Breast (Thin Sliced)\",\"url\":\"/en/oven-roasted-turkey-breast-thin-sliced/p/20059548_KG\",\"image\":\"https://digital.loblaws.ca/PCX/20059548_KG/en/1/20059548_en_front_1200.png\",\"sku\":\"20059548_KG\",\"description\":\"\\u003cp\\u003e\\u003cp\\u003eOven-Roasted Turkey Breast is extra lean with a rich, savoury flavour that’s perfect for any occasion. Gluten-free and fully cooked, it’s great for family gatherings, easy weeknight dinners, or slicing for fresh sandwiches.\\u003c/p\\u003e\\u003c/p\\u003e\\u003cp\\u003e\\u003cbr\\u003e\\u003c/p\\u003e\\u003cp\\u003eAllergen Alert : We cannot guarantee that any items have not come into contact with Peanuts, Tree nuts, Milk, Fish, Crustacean, Shellfish, Egg, Soy, Sesame, Wheat Mustard, Sulphites.\\u003c/p\\u003e\",\"brand\":\"President\\u0027s Choice\",\"offers\":{\"@type\":\"Offer\",\"price\":4.29,\"priceCurrency\":\"CAD\",\"itemCondition\":\"https://schema.org/NewCondition\",\"url\":\"/en/oven-roasted-turkey-breast-thin-sliced/p/20059548_KG\"}},{\"@context\":\"https://schema.org/\",\"@type\":\"Product\",\"name\":\"Natural Selections Shaved Turkey Breast, Oven Roasted, Family Size.\",\"url\":\"/en/natural-selections-shaved-turkey-breast-oven-roast/p/20772016_EA\",\"image\":\"https://digital.loblaws.ca/PCX/20772016_EA/en/1/20772016_en_front_1200.png\",\"sku\":\"20772016_EA\",\"description\":\"\\u003cp\\u003ePack delicious lunches for the whole family with Maple Leaf® Natural Selections® Shaved Oven Roasted Turkey Breast. Made with natural ingredients and modified vinegar, these fresh, thinly shaved turkey slices are oven roasted for delicious, savoury flavour. The resealable family-size package helps ensure the deli meat stays fresh. Made for families, the Maple Leaf® brand offers premium meat using real, simple, ingredients with no artificial flavours, colours, or sweeteners. Dedicated to providing wholesome, real food for Canadians for generations to come, Maple Leaf® is the first major food company in the world to become carbon neutral. Join them in their commitment to build a more sustainable planet.\\u003c/p\\u003e\\u003cul\\u003e\\u003cli\\u003eFAMILY SIZE: Resealable family-size package makes it easy to craft delicious sandwiches for the whole family\\u003c/li\\u003e\\u003cli\\u003ePREMIUM CUTS: The Maple Leaf® brand uses only our quality cuts of turkey breast to create this thinly shaved sandwich meat\\u003c/li\\u003e\\u003cli\\u003eOVEN ROASTED: Sliced turkey meat is roasted in the oven for savoury flavour\\u003c/li\\u003e\\u003cli\\u003eSEASONED JUST RIGHT: Turkey breast is seasoned with natural ingredients and modified vinegar\\u003c/li\\u003e\\u003cli\\u003eMADE BY A CARBON NEUTRAL COMPANY: Maple Leaf® products are made by a company that has been carbon neutral since 2019. Learn more about their commitment to carbon neutrality at mapleleaf.ca/carbonneutral\\u003c/li\\u003e\\u003c/ul\\u003e\",\"brand\":\"Maple Leaf\",\"offers\":{\"@type\":\"Offer\",\"price\":14.49,\"priceCurrency\":\"CAD\",\"itemCondition\":\"https://schema.org/NewCondition\",\"url\":\"/en/natural-selections-shaved-turkey-breast-oven-roast/p/20772016_EA\"}},{\"@context\":\"https://schema.org/\",\"@type\":\"Product\",\"name\":\"Oven Roasted Turkey Slices\",\"url\":\"/en/oven-roasted-turkey-slices/p/21596554_EA\",\"image\":\"https://digital.loblaws.ca/PCX/21596554_EA/en/1/21596554_enfr_front_v1_1200.png\",\"sku\":\"21596554_EA\",\"description\":\"\\u003cp\\u003ePrepare a quick and easy sandwich with Oven Roasted Turkey Slices. With 17% meat protein, these turkey slices taste great on a kaiser bun with tomato, lettuce, and cheese.\\u003c/p\\u003e\",\"brand\":\"Ziggy\\u0027s\",\"offers\":{\"@type\":\"Offer\",\"price\":3.50,\"priceCurrency\":\"CAD\",\"itemCondition\":\"https://schema.org/NewCondition\",\"url\":\"/en/oven-roasted-turkey-slices/p/21596554_EA\"}},{\"@context\":\"https://schema.org/\",\"@type\":\"Product\",\"name\":\"Natural Selections Shaved Deli Turkey Breast, Hickory Smoked\",\"url\":\"/en/natural-selections-shaved-deli-turkey-breast-hicko/p/20582322_EA\",\"image\":\"https://digital.loblaws.ca/PCX/20582322_EA/en/1/20582322_en_front_1200.png\",\"sku\":\"20582322_EA\",\"description\":\"\\u003cp\\u003eCreate a delicious sandwich or wrap with Maple Leaf® Natural Selections® Shaved Hickory Smoked Turkey Breast. Made with natural ingredients and modifed vinegar, these fresh shaved turkey slices are hickory smoked for flavour the whole family will love. The convenient resealable package ensures the deli meat stays fresh. Made for families, the Maple Leaf® brand offers premium meat using real, simple, ingredients with no artificial flavours, colours, or sweeteners. Dedicated to providing wholesome, real food for Canadians for generations to come, Maple Leaf® is the first major food company in the world to become carbon neutral. Join them in their commitment to build a more sustainable planet.\\u003c/p\\u003e\\u003cul\\u003e\\u003cli\\u003eENJOY ANYTIME: Thinly shaved slices of hickory smoked turkey make it easy to create a tasty sandwich\\u003c/li\\u003e\\u003cli\\u003ePREMIUM CUTS: The Maple Leaf® brand uses only our quality cuts of turkey breast to create this shaved sandwich meat\\u003c/li\\u003e\\u003cli\\u003eSMOKED WITH HICKORY: Deli meat is hickory smoked for flavour the whole family will love\\u003c/li\\u003e\\u003cli\\u003eSEASONED JUST RIGHT: Turkey slices are seasoned with natural ingredients and modified vinegar\\u003c/li\\u003e\\u003cli\\u003eMADE BY A CARBON NEUTRAL COMPANY: Maple Leaf® products are made by a company that has been carbon neutral since 2019. Learn more about their commitment to carbon neutrality at mapleleaf.ca/carbonneutral\\u003c/li\\u003e\\u003c/ul\\u003e\",\"brand\":\"Maple Leaf\",\"offers\":{\"@type\":\"Offer\",\"price\":7.99,\"priceCurrency\":\"CAD\",\"itemCondition\":\"https://schema.org/NewCondition\",\"url\":\"/en/natural-selections-shaved-deli-turkey-breast-hicko/p/20582322_EA\"}},{\"@context\":\"https://schema.org/\",\"@type\":\"Product\",\"name\":\"Free From Oven Roasted Turkey \",\"url\":\"/en/free-from-oven-roasted-turkey/p/20972656_KG\",\"image\":\"https://digital.loblaws.ca/PCX/20972656_KG/en/1/20972656_en_front_1200.png\",\"sku\":\"20972656_KG\",\"description\":\"\\u003cp\\u003eAllergen Alert : We cannot guarantee that any items have not come into contact with Peanuts, Tree nuts, Milk, Fish, Crustacean, Shellfish, Egg, Soy, Sesame, Wheat Mustard, Sulphites.\\u003c/p\\u003e\",\"brand\":\"President\\u0027s Choice\",\"offers\":{\"@type\":\"Offer\",\"price\":4.00,\"priceCurrency\":\"CAD\",\"itemCondition\":\"https://schema.org/NewCondition\",\"url\":\"/en/free-from-oven-roasted-turkey/p/20972656_KG\"}},{\"@context\":\"https://schema.org/\",\"@type\":\"Product\",\"name\":\"Smoked Turkey Breast Slices\",\"url\":\"/en/smoked-turkey-breast-slices/p/21590279_EA\",\"image\":\"https://digital.loblaws.ca/PCX/21590279_EA/en/1/21590279_enfr_front_v1_1200.png\",\"sku\":\"21590279_EA\",\"description\":\"\\u003cp\\u003eAlways have Smoked Turkey Breast Slices in your fridge for at-home or on-the-go lunches. With 17% meat protein, these extra lean turkey slices are great with lettuce, tomato, and cheese.\\u003c/p\\u003e\",\"brand\":\"Ziggy\\u0027s\",\"offers\":{\"@type\":\"Offer\",\"price\":3.50,\"priceCurrency\":\"CAD\",\"itemCondition\":\"https://schema.org/NewCondition\",\"url\":\"/en/smoked-turkey-breast-slices/p/21590279_EA\"}},{\"@context\":\"https://schema.org/\",\"@type\":\"Product\",\"name\":\"Smoked Turkey Breast Slices Club Pack\",\"url\":\"/en/smoked-turkey-breast-slices-club-pack/p/21596533_EA\",\"image\":\"https://digital.loblaws.ca/PCX/21596533_EA/en/1/21596533_enfr_front_v1_1200.png\",\"sku\":\"21596533_EA\",\"description\":\"\\u003cp\\u003eSmoked Turkey Breast Slices Club Pack is great for adding flavour to your favourite sandwiches. Stack slices of turkey breast between soft bread with your favourite veggies for a delicious taste.\\u003c/p\\u003e\",\"brand\":\"Ziggy\\u0027s\",\"offers\":{\"@type\":\"Offer\",\"price\":7.94,\"priceCurrency\":\"CAD\",\"itemCondition\":\"https://schema.org/NewCondition\",\"url\":\"/en/smoked-turkey-breast-slices-club-pack/p/21596533_EA\"}},{\"@context\":\"https://schema.org/\",\"@type\":\"Product\",\"name\":\"Extra Lean Smoked Turkey, Fixed Weight\",\"url\":\"/en/extra-lean-smoked-turkey-fixed-weight/p/21626482_EA\",\"image\":\"https://digital.loblaws.ca/PCX/21626482_EA/en/1/21626482_enfr_front_v1_1200.png\",\"sku\":\"21626482_EA\",\"description\":\"Turkey is a flavourful, lean white meat. As a cold cut, it makes for a great sandwich filling. Try it on a bun with lettuce, tomatoes, and mayonnaise. \",\"brand\":\"Ziggy\\u0027s\",\"offers\":{\"@type\":\"Offer\",\"price\":5.00,\"priceCurrency\":\"CAD\",\"itemCondition\":\"https://schema.org/NewCondition\",\"url\":\"/en/extra-lean-smoked-turkey-fixed-weight/p/21626482_EA\"}},{\"@context\":\"https://schema.org/\",\"@type\":\"Product\",\"name\":\"Free From Oven Roasted Turkey, Club Pack\",\"url\":\"/en/free-from-oven-roasted-turkey-club-pack/p/20923814_EA\",\"image\":\"https://digital.loblaws.ca/PCX/20923814_EA/en/1/20923814_en_front_1200.png\",\"sku\":\"20923814_EA\",\"description\":\"A go-to for bagged lunches and essential for classic club sandwiches, this delicious oven-roasted turkey breast will appeal to everyone in the family. Made from grain-fed turkey raised without the use of antibiotics or hormones*, it’s a great option brought to you with the help of our Canadian farmers.  *All turkey is raised without the use of hormones.\",\"brand\":\"President\\u0027s Choice\",\"offers\":{\"@type\":\"Offer\",\"price\":14.99,\"priceCurrency\":\"CAD\",\"itemCondition\":\"https://schema.org/NewCondition\",\"url\":\"/en/free-from-oven-roasted-turkey-club-pack/p/20923814_EA\"}},{\"@context\":\"https://schema.org/\",\"@type\":\"Product\",\"name\":\"Deli Assortment Slices\",\"url\":\"/en/deli-assortment-slices/p/21105597_EA\",\"image\":\"https://digital.loblaws.ca/PCX/21105597_EA/en/1/21105597_enfr_front_v1_1200.png\",\"sku\":\"21105597_EA\",\"description\":\"\\u003cp\\u003eDeli Assortment Slices feature oven-roasted turkey breast, traditional black forest ham, and oven-roasted chicken breast. Gluten-free and extra lean, these slices are perfect for sandwiches or charcuterie boards.\\u003c/p\\u003e\",\"brand\":\"President\\u0027s Choice\",\"offers\":{\"@type\":\"Offer\",\"price\":12.50,\"priceCurrency\":\"CAD\",\"itemCondition\":\"https://schema.org/NewCondition\",\"url\":\"/en/deli-assortment-slices/p/21105597_EA\"}},{\"@context\":\"https://schema.org/\",\"@type\":\"Product\",\"name\":\"White Baguette\",\"url\":\"/en/white-baguette/p/20171171_EA\",\"image\":\"https://digital.loblaws.ca/PCX/20171171_EA/en/1/20171171_en_front_v1_1200.png\",\"sku\":\"20171171_EA\",\"description\":\"\\u003cp\\u003eOur ACE Bakery® White Baguette is baked on stone and boasts a crisp, golden crust and a fully developed flavour. Enjoy it on its own with a spread of butter or dip it in your favourite extra-virgin olive oil.\\u003c/p\\u003e\\u003cul\\u003e\\u003cli\\u003eBaked on stone\\u003c/li\\u003e\\u003cli\\u003eMade with carefully selected ingredients\\u003c/li\\u003e\\u003cli\\u003eUsing starters with long fermentation\\u003c/li\\u003e\\u003c/ul\\u003e\",\"brand\":\"ACE\",\"offers\":{\"@type\":\"Offer\",\"price\":3.75,\"priceCurrency\":\"CAD\",\"itemCondition\":\"https://schema.org/NewCondition\",\"url\":\"/en/white-baguette/p/20171171_EA\"}},{\"@context\":\"https://schema.org/\",\"@type\":\"Product\",\"name\":\"Free From Split Turkey Breast \",\"url\":\"/en/free-from-split-turkey-breast/p/21124833_KG\",\"image\":\"https://digital.loblaws.ca/PCX/21124833_KG/en/1/21124833_en_front_1200.png\",\"sku\":\"21124833_KG\",\"description\":\"\\u003cp\\u003eBone-in and skin-on Free From Split Turkey Breast is best seasoned with herbs and roasted in the oven. Made from grain-fed turkey raised without the use of antibiotics, it\\u0027s a great option for weekday dinner.\\u003c/p\\u003e\",\"brand\":\"President\\u0027s Choice\",\"offers\":{\"@type\":\"Offer\",\"price\":14.45,\"priceCurrency\":\"CAD\",\"itemCondition\":\"https://schema.org/NewCondition\",\"url\":\"/en/free-from-split-turkey-breast/p/21124833_KG\"}},{\"@context\":\"https://schema.org/\",\"@type\":\"Product\",\"name\":\"White Demi Baguette\",\"url\":\"/en/white-demi-baguette/p/20118153_EA\",\"image\":\"https://digital.loblaws.ca/PCX/20118153_EA/en/1/20118153_en_front_v4_1200.png\",\"sku\":\"20118153_EA\",\"description\":\"\\u003cp\\u003eOur ACE Bakery® White Demi-Baguette is baked on stone and boasts a crisp, golden crust and a fully developed creamy flavour. Enjoy it on its own with a spread of butter or dip it in your favourite extra-virgin olive oil. Cuite sur pierre, la demi-baguette blanche de la boulangerie ACEMD possède une croûte dorée croustillante et un goût crémeux pleinement développé. Savourez-la telle quelle, tartinée de beurre, ou trempez-la dans votre huile d\\u0027olive vierge extra préférée.\\u003c/p\\u003e\\u003cul\\u003e\\u003cli\\u003eBaked on stone\\u003c/li\\u003e\\u003cli\\u003eMade with carefully selected ingredients\\u003c/li\\u003e\\u003cli\\u003eUsing Starters with long fermentation\\u003c/li\\u003e\\u003cli\\u003eFreshly baked\\u003c/li\\u003e\\u003c/ul\\u003e\",\"brand\":\"ACE\",\"offers\":{\"@type\":\"Offer\",\"price\":3.25,\"priceCurrency\":\"CAD\",\"itemCondition\":\"https://schema.org/NewCondition\",\"url\":\"/en/white-demi-baguette/p/20118153_EA\"}},{\"@context\":\"https://schema.org/\",\"@type\":\"Product\",\"name\":\"Cooked Turkey Breast Slices\",\"url\":\"/en/cooked-turkey-breast-slices/p/21590285_EA\",\"image\":\"https://digital.loblaws.ca/PCX/21590285_EA/en/1/21590285_enfr_front_1200.png\",\"sku\":\"21590285_EA\",\"description\":\"\\u003cp\\u003e\\u003cp\\u003eAlready cooked for your convenience, Cooked Turkey Breast Slices have a mild sweet and savoury flavour. Extra lean with 17% meat protein, these slices taste great on a kaiser bun with tomato, lettuce, and cheese.\\u003c/p\\u003e\\u003c/p\\u003e\",\"brand\":\"Ziggy\\u0027s\",\"offers\":{\"@type\":\"Offer\",\"price\":3.50,\"priceCurrency\":\"CAD\",\"itemCondition\":\"https://schema.org/NewCondition\",\"url\":\"/en/cooked-turkey-breast-slices/p/21590285_EA\"}}]}},\"relatedLink\":[\"search?search-bar\\u003doven%20roasted%20turkey%20breast%20(thin%20sliced)\",\"search?search-bar\\u003dturkey%20cold%20cuts\",\"search?search-bar\\u003dsliced%20turkey\",\"search?search-bar\\u003dnatural%20selections%20shaved%20deli%20turkey%20breast,%20hickory%20smoked\",\"search?search-bar\\u003dhoney%20maple%20turkey\",\"search?search-bar\\u003doven%20roasted%20chicken%20breast\",\"search?search-bar\\u003ddeli%20smoked%20turkey\",\"search?search-bar\\u003dmontreal%20smoked%20turkey\",\"search?search-bar\\u003doven%20roasted%20turkey\",\"search?search-bar\\u003dsmoked%20turkey%20deli\",\"search?search-bar\\u003dtomato%20basil%20turkey\",\"search?search-bar\\u003doven%20roasted%20chicken%20breast%20(thin%20sliced)\",\"search?search-bar\\u003dsmoked%20black%20forest%20ham\",\"search?search-bar\\u003dblack%20forest%20ham\",\"search?search-bar\\u003dcajun%20turkey\",\"search?search-bar\\u003dturkey%20breast\",\"search?search-bar\\u003dziggy\\u0027s%20turkey%20breast\",\"search?search-bar\\u003dsliced%20deli%20meat\",\"search?search-bar\\u003doven%20roasted%20chicken\",\"search?search-bar\\u003dsliced%20roast%20beef\"]}"
  },
  "viewAnalytics": {
    "mediaAnalytics": {
      "target_page_type": "SRP"
    },
    "dsModel": null
  },
  "theme": {
    "name": "pcx-web-pcx",
    "version": "latest",
    "env": "production"
  }
}